2810 4882
608 418 653 486 l7

85 623 147 679 sive
162 639 195 678 re
217 639 286 680 vera
302 625 437 698 Episcopi
460 627 566 682 luerint
580 627 809 698 Magalonchses
834 629 896 683 sive
918 629 957 683 llli
980 629 1036 684 hoc
1052 627 1109 684 sibi
1129 628 1188 682 iin-

84 733 181 787 xeriut
202 737 328 800 tantum,
354 739 486 791 nostrum
509 737 597 792 luisse
620 737 787 808 Magistrum
809 737 972 809 Philippum
996 739 1187 795 Gualtherum
1230 715 1232 718 ⁵

84 845 122 902 ab
145 847 265 913 insulis,
301 847 410 904 dietum
432 848 469 903 de
490 849 674 904 castellione.
724 851 824 918 ltaque
847 865 914 906 cum
936 851 993 906 hoc
1015 851 1109 907 solum
1132 851 1187 907 de-

84 957 317 1023 monstraverim,
342 971 429 1028 quem
453 971 513 1012 non
536 958 625 1014 luisse
649 950 839 1015 Gualtherum
862 965 995 1016 nostrum
1018 965 1128 1032 putem,

605 1093 668 1156 11.

85 1225 174 1280 altera
205 1242 272 1296 pars
300 1231 388 1282 restat
417 1227 504 1284 nobis
531 1229 715 1299 peragenda,
747 1234 779 1285 ut
802 1229 977 1295 doceamus,
1006 1232 1072 1300 quis
1093 1231 1186 1300 luerit,

86 1350 146 1405 quo
169 1340 301 1406 tempore
323 1337 433 1406 vixerit,
457 1337 565 1407 quibus
580 1338 753 1394 muneribus
774 1339 891 1393 iunctus
914 1343 943 1392 et
964 1339 1083 1408 quando
1105 1356 1188 1396 mor-

84 1450 153 1500 tuus
176 1447 220 1512 sit,
243 1446 311 1501 licet
333 1462 427 1517 pauca
450 1449 515 1512 sint,
540 1452 572 1502 ut
593 1463 682 1518 supra
705 1448 761 1502 iam
785 1447 923 1514 diximus,
947 1425 1023 1518 quae
1046 1454 1187 1519 quantum

85 1556 122 1610 ad
144 1557 231 1611 vitam
248 1557 310 1611 eius
333 1557 488 1626 pertinent,
512 1570 566 1625 pro
584 1557 670 1610 certis
685 1554 793 1610 habere
809 1573 974 1627 possumus:
998 1559 1088 1613 multa
1110 1561 1188 1614 enim

85 1670 115 1720 ct
142 1667 207 1734 ipse
238 1681 292 1734 ego
322 1667 353 1719 in
384 1666 496 1720 incerto
519 1667 686 1736 relinquere
712 1665 843 1732 debebo,
876 1667 945 1722 duur
974 1666 1054 1722 bona
1083 1668 1188 1737 aliquis

84 1774 202 1830 fortuna
225 1775 340 1830 adiutus
362 1777 416 1830 illis
438 1778 509 1846 ipsis
530 1779 560 1830 in
583 1778 664 1843 locis
687 1776 739 1831 ubi
761 1777 867 1831 vixisse
890 1780 1009 1846 poetam
1030 1777 1188 1833 verisimile

86 1886 146 1948 est,
177 1897 270 1937 novos
299 1885 447 1953 aperuerit
468 1885 574 1949 iontes,
611 1883 776 1953 exquibus
798 1885 973 1940 totameius
1006 1887 1093 1941 vitam
1119 1888 1188 1944 illu·

85 1997 179 2046 strare
200 1994 333 2061 potuerit.
378 1993 446 2048 idihi
479 1992 612 2048 nondum
641 1995 761 2064 contigit
782 2009 848 2050 esse
881 1999 938 2050 tam
962 1997 1052 2052 felici:
1088 2013 1187 2068 neque

85 2105 166 2158 enim
579 2173 582 2176 Ι

235 2203 351 2278 παντὸς
372 2203 484 2289 ἀνδρὸς
505 2209 547 2278 εἰς
567 2209 728 2292 Κόρινθον
750 2209 815 2274 ἔσθ’
843 2210 859 2275 ὃ
881 2215 987 2284 πλοῦς.
1014 2247 1053 2258 -

171 2323 213 2380 hc
242 2325 396 2395 primarius
426 2323 545 2393 quidem
568 2324 634 2380 fons
662 2327 694 2379 in
722 2327 779 2380 vita
804 2328 954 2384 Gualtheri
982 2328 1187 2385 concinnanda

86 2432 174 2489 nobis
197 2448 263 2488 esse
286 2431 396 2487 debent
411 2431 589 2488 Scholiastae
612 2435 673 2489 sive
694 2437 829 2490 auctores
843 2439 967 2494 vitarum
982 2438 1188 2494 Alexandreidi

85 2545 117 2598 in
140 2543 231 2600 Codd.
253 2545 319 2598 llss.
342 2545 577 2614 praemissarum.
622 2544 678 2613 Qui
703 2545 782 2602 unde
803 2548 933 2602 notitiam
956 2546 992 2602 de
1015 2550 1073 2603 vita
1097 2549 1188 2604 Gual-

85 2655 161 2710 theri
191 2655 342 2710 hauserint
370 2655 485 2710 nescio:
518 2655 570 2710 sed
601 2671 668 2712 cum
697 2657 786 2712 Codd.
815 2657 912 2712 adhuc
934 2660 1082 2729 supersint
1117 2675 1189 2730 per-

85 2766 210 2834 antiqui,
244 2766 294 2834 qui
323 2763 360 2818 ad
383 2765 476 2834 ipsam
500 2779 594 2835 paene
622 2765 698 2820 illius
721 2771 844 2822 aetatem
867 2767 1029 2834 accedunt,
1059 2783 1120 2823 non
1145 2775 1189 2824 est

84 2872 166 2943 quod
190 2871 371 2938 dubitemus,
405 2873 554 2928 hominem
574 2873 702 2942 aliquem
725 2875 786 2928 sive
810 2875 955 2930 eruditum
978 2877 1040 2931 sive
1063 2877 1187 2932 sciolum

84 2983 186 3040 dicere
209 2982 304 3047 malis,
328 2981 404 3038 illius
426 2981 608 3052 temporibus
630 2984 797 3053 aequalem,
829 2985 916 3039 vitam
940 2987 1003 3041 eius
1025 2987 1185 3056 scripsisse,

83 3091 256 3164 praesertim
287 3105 354 3146 cum
387 3093 415 3144 et
436 3091 611 3146 Gualtherus
639 3092 687 3156 ,vir
709 3093 795 3168 fuerit
817 3093 981 3149 eruditione
1005 3109 1065 3148 non
1089 3097 1187 3151 minus

83 3215 173 3270 quam
205 3199 342 3268 dignitate
364 3199 500 3268 insignis,
533 3203 562 3252 ct
595 3214 701 3269 poema
731 3216 818 3256 suum
846 3199 883 3256 de
913 3203 1001 3272 gestis
1030 3200 1187 3259 Alexandri

82 3311 178 3380 Magni
201 3324 261 3364 non
285 3310 380 3364 solum
404 3309 569 3380 aequalium
592 3309 752 3377 hominum,
776 3311 937 3384 sedetiam
957 3316 1090 3367 veterum
1112 3328 1187 3384 poe-

84 3425 178 3474 tarum
201 3419 312 3475 Musam
344 3417 552 3475 obscuraverit.
602 3419 653 3474 Hic
680 3435 749 3490 ergo
780 3423 923 3491 imprimis
952 3437 1062 3490 sequor
1088 3423 1185 3490 vitam,

84 3543 174 3598 quam
197 3543 214 3582 e
237 3527 306 3583 Cod.
331 3528 455 3583 colbert.
481 3529 562 3583 loto
588 3530 733 3598 excerpsit
754 3529 822 3584 Hist.
845 3530 907 3588 Litt.
939 3529 976 3586 de
998 3531 1110 3586 Franco
1134 3525 1184 3608 ³⁵),

81 3734 128 3798 35)
171 3735 222 3784 xv.
244 3748 271 3799 p.
293 3733 343 3786 100
362 3747 436 3799 seqq.
472 3734 547 3785 Hanc
564 3733 645 3784 vitam
666 3735 760 3785 codem
779 3735 822 3785 dic
841 3749 895 3798 quc
920 3734 1088 3800 typographo
1108 3736 1186 3788 schc-

170 3829 247 3879 dulas
266 3841 340 3879 meas
358 3827 505 3878 traditurus
524 3839 611 3890 cram,
630 3826 821 3892 benignissime
840 3827 875 3878 ad
901 3841 945 3880 mo
969 3828 1041 3879 mislt
1059 3829 1088 3878 V.
1107 3829 1137 3881 D.
1157 3830 1185 3888 C.

169 3923 299 3976 Claude
317 3937 332 3974 a
351 3923 514 3985 Bibliotheca
544 3923 678 3987 lmperiali
702 3921 828 3986 Parisino,
847 3924 924 3975 cuius
944 3924 983 3975 rei
1000 3939 1053 3976 non
1072 3938 1186 3990 possum

170 4023 235 4086 quin
254 4025 279 4072 et
299 4021 323 4072 ei
343 4025 369 4071 et
388 4020 469 4070 ilasio
489 4018 550 4068 Viro
574 4017 760 4080 celeberrimo,
784 4019 829 4069 hlc
853 4020 950 4082 gratias
973 4035 1048 4072 meas
1071 4023 1184 4075 reiorum

169 4115 285 4180 publice.
322 4116 385 4166 llam
403 4115 486 4166 vitam
510 4113 577 4164 inira
598 4128 660 4166 cum
680 4114 737 4165 allis
757 4114 863 4165 duabus
883 4119 909 4166 et
928 4117 1074 4182 fragmento
1094 4120 1184 4184 aliquo

168 4208 314 4261 Eriurtensi
331 4209 358 4259 in
376 4209 529 4274 Appendicc
548 4207 691 4260 transcribi
712 4210 813 4260 curavi.
834 4235 861 4244 -

919 4329 936 4380 ‘2
