2810 4882
617 367 692 440 'dl-

346 575 394 630 Vcl
418 551 552 630 absolvar
576 572 721 638 clericatu,

344 686 389 740 vel
415 685 467 751 iac,
489 687 522 738 ut
543 685 572 738 in
596 683 666 738 cleri
689 686 762 736 statu

341 796 529 850 Persevercm
554 792 689 848 clericus,
715 819 753 829 -

342 908 441 962 Dulcis
465 907 519 960 erit
540 905 609 959 mihi
633 906 731 986 status,

342 1017 367 1070 si
390 1016 444 1070 sim
468 1029 521 1082 ego
545 1013 716 1070 muneratus

323 1109 511 1193 ¹praebenda
532 1121 578 1176 vel
601 1120 675 1174 alio..

292 1281 295 1290 .
340 1233 419 1286 Licet
442 1231 527 1288 datur
547 1247 608 1299 non
632 1230 759 1296 abunde,

341 1343 446 1398 Saltem
470 1344 539 1399 mihi
563 1343 655 1407 delur,
681 1342 776 1398 unde'
880 1370 882 1376 ι

339 1452 476 1509 Studeam
501 1454 537 1508 da
560 1455 688 1524 proprio.

79 1562 271 1617 Gnaltherum
289 1577 360 1626 ¹non
398 1567 567 1626 contentum
609 1564 707 1639 schola
746 1580 805 1636 sua
837 1564 990 1634 scripsisse
1021 1564 1094 1618 intra
1127 1563 1182 1619 hos
1260 1640 1263 1646 1

77 1673 201 1727 eosdem
233 1688 340 1740 annos,
367 1679 409 1729 'et
435 1675 480 1728 vel
503 1676 624 1730 Romam
662 1677 781 1746 petiisse
808 1691 973 1745 papamque
1013 1675 1118 1729 adiisse
1147 1691 1183 1729 co

77 1782 204 1834 consilio
227 1789 258 1836 ut
280 1781 431 1836 meliorem
453 1782 490 1837 ab
507 1799 542 1838 eo
565 1786 641 1837 vitae
656 1789 762 1838 statum
778 1785 953 1853 impetraret,
978 1757 1064 1852 longe
1080 1800 1095 1837 a
1111 1799 1182 1839 vero

77 1886 231 1941 aberrasse
254 1889 282 1944 V.
307 1890 339 1943 D.
372 1890 495 1944 videtur.
545 1864 616 1944 Nam
648 1892 686 1956 si,
722 1890 800 1960 quod
830 1892 892 1947 veri
919 1885 1013 1947 simile
1053 1897 1109 1958 cst,
1144 1891 1180 1948 ab

74 1997 203 2050 ilenrico
219 1998 251 2051 ll.
275 1993 394 2067 Angliae
417 2014 486 2067 roge
510 2013 546 2053 ex
562 2000 701 2054 clericatu
724 2001 835 2054 eiectus
851 2000 910 2065 luit,
937 2006 1016 2055 certc
1033 1989 1094 2070 jam
1118 1995 1179 2056 non

75 2113 179 2176 optare
201 2112 315 2176 poterat
337 2113 431 2176 poeta,
455 2112 613 2165 utiterum
638 2111 728 2165 laicus
751 2111 841 2164 fieret.
886 2110 920 2167 Et
942 2112 1011 2181 qnid
1035 2113 1178 2182 prohibet,

5 2253 7 2262 ‚
74 2219 235 2286 quominus
263 2217 333 2272 illud
364 2233 482 2271 carmen
516 2220 572 2272 iam
601 2225 662 2274 tum
693 2238 709 2275 a
740 2194 898 2276 Gualthero
943 2203 1083 2294 scriptum
1114 2240 1179 2280 esse

76 2332 227 2399 putemus
269 2344 334 2384 cum
353 2309 443 2384 ⁴anno
472 2329 587 2383 circiter
620 2332 698 2384 ilco
731 2331 903 2388 Castelllone
935 2335 1065 2390 scholam
1095 2335 1177 2403 rexit,

75 2439 104 2492 id
136 2438 214 2508 quod
237 2453 315 2518 'cum
353 2439 456 2494 iecisse
484 2439 577 2494 inuria
607 2453 716 2508 negare
745 2440 813 2494 mihi
846 2441 959 2497 videtur
982 2411 1114 2500 Giescbr.
1148 2449 1180 2501 ut

73 2548 247 2619 supradixi,
271 2549 378 2604 deinde
401 2564 468 2603 cum
483 2549 642 2604 Bononiam
666 2566 697 2605 se
723 2551 870 2606 conferret
891 2569 984 2623 papae
1006 2554 1178 2610 tradidisse?

73 2660 202 2716 Omnino
218 2675 288 2743 uero
312 2659 388 2715 nihil
403 2660 532 2730 impedit,
557 2661 715 2728 quominus
729 2661 971 2720 Alexandreidcm
995 2680 1055 2722 non
1067 2645 1177 2724 ¹Remis

74 2773 212 2842 scriptam
237 2787 302 2826 csse
325 2776 470 2860 putemus
493 2770 545 2826 sed
570 2771 751 2826 castellione.
775 2801 814 2810 —

158 2881 193 2933 Et
212 2859 266 2933 'hic
296 2879 428 2948 quidem,
457 2881 475 2932 i.
508 2896 533 2933 e.
569 2862 742 2936 Castellione
773 2882 932 2953 maximam,
956 2889 1068 2953 partem
1100 2889 1175 2942 vitae

75 2990 268 3047 Gualtherum
285 2990 399 3058 degisse
416 2989 471 3044 sibi
484 2969 653 3045 'informavit
668 2989 815 3059 Giesebr.;
830 2992 879 3046 hic
895 2994 981 3047 etiam
997 3009 1063 3049 enm
1079 2998 1176 3067 scrip·
1245 3031 1247 3037 ι

71 3103 146 3156 sisse
174 3101 212 3154 ait
244 3105 344 3155 contra
374 3099 499 3155 ludaeos
521 3098 665 3168 libellum;
704 3117 763 3170 quo
796 3105 940 3172 tempore,
973 3117 1033 3168 non
1062 3109 1176 3160 constat

72 3225 173 3279 neque
189 3211 310 3264 omnino
326 3186 423 3266 utrum
441 3209 615 3270 castellione
631 3223 669 3264 an
685 3210 816 3276 Tornaci,
842 3211 926 3266 cuius
941 3210 1022 3268 urbis
1046 3228 1175 3284 praepo-

69 3322 157 3374 situm
181 3319 394 3374 canonicorum
424 3335 456 3374 se
488 3321 552 3390 ipse
576 3318 652 3376 dicit.
696 3320 768 3375 lnde
805 3305 911 3391 colligit
936 3322 1174 3380 Giascb'rachtius

70 3441 141 3482 cum
167 3428 264 3482 multis
293 3427 595 3493 aliis‚‚Gualthcrum
616 3430 814 3499 praepositum
838 3429 1053 3506 Tornacensem
1076 3424 1121 3507 ⁶⁷)
1155 3447 1173 3485 a

70 3537 217 3592 Guilelmo
248 3537 355 3592 iactum
386 3551 460 3590 esse.
496 3535 564 3589 -Sod
587 3515 656 3590 licet
676 3534 886 3590 dubitationum
915 3551 1033 3592 movere
1057 3537 1093 3593 de
1117 3539 1172 3594 hac

67 3649 116 3702 rel
177 3647 303 3701 Primum
342 3647 421 3718 enim
458 3651 573 3716 praeter
612 3647 776 3702 Tornacum
810 3645 986 3702 Ambianum
1010 3642 1056 3718 68)
1095 3663 1172 3718 qno-

66 3820 111 3875 67)
154 3817 252 3874 Fabric.
272 3817 337 3869 Bibl.
356 3819 426 3869 mod.
454 3824 480 3869 et
503 3819 548 3869 inl.
568 3819 623 3870 Lat.
644 3822 659 3868 l.
679 3823 696 3872 l.
717 3845 746 3856 -
785 3819 877 3881 Millin,
906 3820 1005 3884 Magaz.
1025 3819 1169 3886 Encyclop.

155 3912 229 3962 Paris
249 3911 321 3963 1795.
349 3913 374 3964 2.
402 3928 427 3979 p.
446 3913 478 3965 51
499 3915 524 3964 n.
545 3941 575 3952 -
609 3915 641 3966 cl.
662 3915 703 3966 lll.
727 3930 753 3980 p.
777 3913 838 3966 181.
857 3940 885 3951 -
923 3914 990 3979 Zapi
1012 3915 1039 3965 in
1062 3915 1168 3978 allgem.

153 4007 201 4057 Lit.
227 4006 288 4056 Anz.
315 4008 390 4060 1799.
417 4024 442 4075 p.
465 4009 540 4061 1858.
563 4037 597 4046 -
632 4011 698 4062 His‘t.
722 4011 782 4060 litt.
806 4010 840 4061 de
857 4009 897 4060 Fr.
917 4012 932 4059 1.
952 4010 968 4060 l.
987 4035 1021 4044 -
1057 4011 1169 4061 Graesse

152 4105 169 4154 l.
189 4103 205 4152 l.
225 4106 275 4154 cet.
996 4111 998 4116 ·
1072 4119 1076 4126 ·

65 4199 109 4262 68)
154 4199 220 4251 Cod.
239 4199 327 4250 Matth.
347 4205 373 4250 et
391 4191 521 4252 Guclieib.
623 4191 625 4197 ’
