2810 4882
743 349 790 421 ot

490 561 537 640 Ι,
589 555 681 626 Cod.
708 555 895 660 Colbert.
925 555 1034 628 utto.

300 736 473 818 „Quoniam
496 742 569 798 sunt
591 735 730 801 nonnulli
753 737 815 817 qui,
835 737 951 800 invidia
974 737 1160 817 stimulante,
1183 741 1316 804 aliorum

214 847 298 912 bene
320 852 407 926 gesta
429 845 595 926 degestare
608 852 769 925 conantur,
790 865 849 910 nos
864 847 924 910 hac
937 854 1012 912 ncta
1033 847 1175 928 denotari
1198 871 1316 914 caven-

213 963 261 1020 tes
284 955 469 1036 sapientiam
492 956 695 1036 sapientium,
730 962 814 1018 certa
839 958 968 1018 rationis
1001 977 1151 1024 mensura
1173 961 1317 1024 attollere

212 1065 390 1145 studemus,
427 1084 467 1126 ne
497 1065 536 1126 de
566 1065 697 1144 aliorum
723 1066 897 1128 benedictis
925 1069 1074 1150 latentes,
1108 1071 1225 1133 similes
1253 1073 1317 1142 illis

213 1177 382 1240 efficiamur
405 1179 459 1260 qui
482 1176 570 1240 edaci
591 1178 690 1240 livore
714 1181 853 1256 nonnosi,
881 1182 963 1243 sicut
982 1183 1131 1246 cremium
1153 1191 1314 1246 aruerunt

211 1293 246 1354 ln
272 1289 425 1353 territoria
448 1289 541 1369 igitur
562 1289 723 1366 insulano,
756 1289 829 1353 villa
850 1291 985 1368 Ursinio,
1016 1291 1144 1372 qnidam
1166 1267 1314 1356 Gallorus

214 1399 365 1464 oriundus
386 1401 442 1460 fuit
467 1400 520 1480 qui
548 1401 579 1460 in
600 1400 760 1462 literarum
783 1401 911 1466 scientia
940 1407 971 1462 et
997 1403 1113 1482 ingenii
1142 1401 1313 1466 subtilitate

212 1530 308 1592 supra
331 1529 425 1592 quam
448 1509 578 1572 dicimus
607 1511 724 1592 claruit.
768 1513 833 1592 Hic,
855 1514 895 1574 ei
918 1531 955 1574 eo
978 1512 1064 1592 quod
1085 1513 1171 1594 apud
1193 1515 1314 1578 Castel-

212 1624 334 1700 lionem,
357 1621 473 1682 Galliae
489 1619 649 1701 oppidum,
672 1622 775 1682 scolas
798 1629 941 1701 rexerat,
963 1623 1107 1686 Galtcrus
1129 1623 1168 1684 de
1192 1626 1312 1686 Castol-

210 1731 291 1794 licne
323 1729 422 1792 dictus
448 1711 509 1790 est.
553 1731 694 1809 Denique
718 1729 902 1810 Guillermo,
939 1732 1113 1794 Senonensi
1141 1733 1312 1810 archiepis-

212 1859 306 1922 copo,
336 1837 505 1900 cathedrae
527 1835 680 1899 remensis
704 1837 883 1918 dignitatem
904 1838 1033 1918 adepto,
1060 1839 1144 1898 idem
1166 1839 1312 1900 Galterus
1384 1911 1388 1939 Ι

212 1951 297 2032 apud
328 1969 399 2012 eum
417 1949 530 2010 notarii
543 1952 739 2030 oratorisque
761 1951 885 2018 functus
898 1949 1014 2025 officim
1038 1949 1126 2009 cuius
1140 1936 1310 2029 benignam

211 2062 286 2144 (sic)
302 2067 447 2142 captans,
470 2062 502 2121 in
518 2061 635 2122 honore
651 2062 731 2121 illius
744 2065 842 2137 ¹gesta
862 2058 1155 2138 magnaAlexandri
1173 2059 1311 2140 eleganti

212 2175 281 2236 stilo
299 2174 474 2253 composuit
483 2189 521 2231 ea
537 2172 655 2231 ratione
668 2175 703 2229 ut
715 2175 791 2250 quot
803 2171 907 2236 literas
922 2169 984 2231 hoc
997 2189 1111 2231 nomon
1120 2171 1310 2234 Guillermus

211 2283 313 2363 habet,
327 2289 372 2343 tot
382 2281 480 2342 libros
493 2280 570 2341 illud
581 2282 702 2362 insigne
720 2282 867 2342 volumen
882 2282 1061 2358 contineret,
1084 2288 1116 2342 et
1126 2282 1185 2342 hoc
1197 2281 1310 2342 ordine

210 2412 283 2474 quo¹
300 2392 407 2452 literae
433 2391 615 2476 innomine
646 2391 866 2472 continguntur
898 2389 969 2482 libri
999 2391 1038 2454 ab
1069 2391 1191 2468 eisdem
1210 2393 1312 2454 literis

208 2504 397 2588 inciperent3
420 2507 450 2561 et
472 2507 507 2562 ut
520 2501 633 2578 clarius
655 2501 717 2588 fiat
731 2500 817 2596 quod
836 2500 983 2594 dicimus,
1005 2505 1192 2584 principium
1213 2506 1311 2570 libro-

208 2635 278 2676 rum
309 2615 469 2694 ponimns,
502 2616 537 2670 et
568 2612 812 2694 uniuscuiusque
848 2589 1011 2696 capitalem
1053 2617 1175 2682 literam
1215 2621 1311 2706 minio

208 2731 387 2788 formamus.
458 2702 461 2710 ’
603 2703 605 2710 Χ

276 2813 279 2820 ’
503 2837 612 2898 Gesta
634 2833 943 2922 ducislltacedoniae

403 2924 407 2934 Ι
440 2927 443 2934 ’
501 2947 649 3012 Ultorem
670 2947 810 3040 patriae¹
859 3033 861 3038 ι

488 3035 578 3129 Ῐωῃ
600 3059 706 3142 fragor
728 3077 885 3142 armorum

501 3172 647 3236 lumidus
670 3179 701 3232 et
722 3175 811 3254 piceo

500 3285 594 3366 Lege
616 3287 734 3346 Numae
757 3286 839 3364 regis

500 3401 591 3464 Ecce
612 3396 810 3484 luesmundi
953 3473 980 3480 Η

500 3492 805 3590 Restitit‚hesporio
907 3570 909 3578 ,

397 3625 401 3632 ’
480 3626 838 3690 miledunensem
911 3655 915 3667 ·
987 3679 990 3688 ,

501 3741 619 3812 Ultima
643 3737 797 3800 terribiles
870 3751 889 3770 ··

500 3851 655 3920 Sidereos
678 3853 800 3914 fluctus.

287 3967 402 4028 Horum
425 3970 527 4052 itaque
552 3969 699 4049 capitales
713 3967 875 4050 coniunge,
900 3947 1076 4026 et'habenis
1096 3955 1300 4022 Geillcrmas.

203 4075 357 4156 Scribitnr
388 4083 491 4140 antem
521 4081 561 4158 n,
590 4097 652 4142 non
675 4079 714 4158 L,
744 4076 777 4140 in
802 4076 966 4156 proprium
992 4089 1113 4138 rnorem
1136 4067 1303 4131 locutionis

200 4190 282 4251 illius
305 4189 504 4270 proviniciae,
528 4189 560 4251 id
584 4196 632 4250 est
654 4187 834 4250 remensis.“

147 4510 526 4882 ι’
620 4576 797 4801 m
1160 4853 1295 4866 q.
