2810 4882
435 549 485 616 „Si
512 549 693 619 l'eloqueuce
716 551 800 605 estait
822 552 949 621 permise
973 567 1010 606 en
1034 552 1184 617 l'histoire‚
1214 554 1265 621 qui
1288 567 1327 607 ne

372 657 499 723 „souiire
514 673 629 712 aucune
653 657 796 714 esteudue
819 659 855 714 de
879 660 1019 726 discours,
1045 660 1114 715 c'est
1136 662 1184 731 icy
1207 659 1245 714 ou
1269 661 1327 714 elle

370 768 503 834 „devroit
526 769 678 838 employer
709 785 757 824 ses
778 770 844 839 plus
867 771 963 825 riches
994 771 1074 825 traits
1098 786 1172 841 pour
1195 771 1326 826 desorire

368 879 431 943 „les
458 879 524 948 plus
561 878 654 934 belles
689 880 812 949 qualites
843 880 882 935 du
906 880 1039 936 Cardinal
1077 880 1115 936 de
1138 881 1326 951 champagne

367 989 524 1055 „aunonce
551 1005 605 1060 par
632 994 697 1046 tous
725 991 768 1046 les
798 991 936 1046 autheurs
963 1006 1038 1062 pour
1065 991 1093 1044 le
1115 990 1181 1060 plus
1203 1005 1273 1059 suge
1297 995 1327 1044 et

369 1099 416 1164 „le
431 1099 496 1168 plus
512 1100 689 1172 magnilique
704 1101 798 1170 prelat
813 1101 850 1156 de
866 1117 919 1156 son
935 1103 1032 1167 siecle,
1058 1105 1086 1156 et
1109 1115 1167 1170 que
1185 1099 1217 1168 je
1240 1103 1326 1153 11111-
1389 1162 1392 1177 Ι

334 1247 337 1254 -
368 1225 424 1275 „ve
458 1211 539 1266 avoir
574 1213 602 1268 le
630 1213 758 1282 premier
785 1211 861 1282 joint
891 1227 929 1266 eu
963 1211 1072 1280 l'eglise
1100 1210 1137 1265 de
1167 1210 1266 1265 Reims
1295 1210 1322 1262 la

370 1319 499 1388 „dignita
522 1320 558 1375 de
575 1321 708 1375 Cardinal
729 1334 801 1376 avec
817 1321 890 1376 celle
914 1320 1143 1389 d'archevesque
1166 1323 1195 1373 et
1217 1333 1322 1374 asseu-

369 1425 421 1491 „re
449 1427 476 1480 le
505 1425 581 1480 droit
609 1428 646 1482 de
674 1443 772 1483 sacrer
802 1429 845 1484 les
877 1430 936 1484 rois
965 1433 995 1482 et
1016 1429 1042 1482 le
1066 1429 1141 1482 tiltre
1164 1427 1281 1482 deduc
1306 1429 1322 1480 zi

369 1550 436 1600 „ses
458 1538 667 1590 successeurs“
690 1531 741 1611 ⁶5).

307 1643 390 1698 Certe
405 1644 547 1699 Henricus
569 1647 691 1701 arctiore
715 1648 811 1716 aliquo
835 1649 954 1704 vinculo
977 1647 1164 1704 adstrinxisse
1186 1645 1241 1702 sibi
1257 1647 1322 1702 Gu-

220 1751 362 1807 altherum
387 1752 513 1819 videtur,
544 1758 573 1809 et
594 1754 630 1809 ad
653 1756 768 1822 Henrici
799 1773 894 1826 usque
922 1761 1046 1812 mortem
1076 1754 1114 1826 (d.
1142 1759 1187 1810 l3.
1212 1755 1321 1810 Novbr.

224 1856 315 1938 1176)
345 1863 394 1918 illo
427 1879 552 1920 munere
583 1864 638 1922 sub
662 1881 697 1920 eo
720 1866 837 1921 functus
861 1869 918 1932 est,
949 1867 1017 1920 licet
1039 1866 1138 1920 Marlot
1160 1864 1177 1917 l.
1200 1863 1219 1916 1.
1244 1862 1323 1918 dicat

177 2035 182 2048 ¹
220 1970 276 2026 sub
300 1972 443 2028 Guilelmo
466 1974 585 2030 demum
616 1977 692 2031 hanc
721 1991 788 2032 eum
818 1977 986 2045 dignitatem
1017 1976 1179 2045 accepisse,
1203 1977 1232 2026 et
1254 1973 1318 2026 toh.

221 2080 336 2136 Saresb.
370 2083 421 2153 Ep.
452 2084 585 2140 CLXVlll.
615 2101 683 2140 eum
711 2085 829 2157 nonnisi
859 2083 999 2137 clericum
1027 2081 1140 2136 domini
1169 2083 1323 2136 liemensis

221 2193 354 2263 appellet.
408 2193 464 2248 Sed
495 2195 602 2263 scripta
632 2199 675 2248 est
697 2195 743 2248 illa
766 2194 892 2264 Epistola
921 2207 1000 2248 anuo
1027 2196 1123 2259 1166,
1159 2197 1187 2246 11
1209 2196 1324 2262 poterat

220 2308 320 2374 postea
342 2303 379 2358 ad
402 2304 432 2357 id
455 2319 562 2359 munus
586 2305 760 2360 Gualtherus
783 2305 875 2360 evehi.
912 2305 999 2373 Igitur
1021 2303 1077 2356 sub
1101 2303 1245 2358 Guilelmo
1269 2317 1323 2356 ea-

221 2414 289 2470 dem
316 2415 360 2484 ‚in
403 2414 541 2484 dignitate
578 2419 721 2472 mansisse
759 2415 863 2469 dicitur
899 2413 1088 2478 Gualtherus,
1130 2412 1245 2468 additur
1274 2407 1322 2488 66)

219 2525 451 2595 praedicatorem
475 2541 594 2594 quoque
610 2525 744 2580 Guilelmi
768 2523 865 2588 inisse,
890 2521 1025 2577 sednon
1049 2520 1165 2576 additur
1181 2521 1323 2591 quamdiu

219 2633 275 2689 sub
298 2650 333 2688 eo
355 2635 453 2688 Remis
474 2635 584 2688 vixerit.
629 2632 755 2688 Omnino
784 2649 854 2688 vero
882 2647 941 2686 non
978 2647 1096 2702 possum
1128 2633 1199 2700 quin
1221 2633 1322 2702 paullo

219 2744 301 2798 aliter
316 2745 438 2799 sentiam
462 2758 549 2813 quam
566 2742 804 2800 Giesebreohtins
827 2742 863 2796 de
879 2743 1029 2798 Gualtheri
1051 2743 1127 2798 vitae
1151 2744 1207 2798 hac
1230 2749 1322 2813 parte.

219 2855 347 2909 Primum
370 2853 523 2910 audiamus
545 2856 641 2927 ipsum
663 2855 694 2911 V.
718 2857 751 2910 D.
780 2872 809 2925 p.
835 2855 904 2909 366.

219 3027 262 3091 65)
309 3028 453 3078 Guilelmus
483 3031 561 3079 natus
587 3041 657 3078 anuo
684 3027 766 3090 1135,
799 3029 899 3080 electus
929 3029 1099 3101 carnotensis
1128 3029 1212 3093 Episc.
1244 3029 1323 3091 1167,

305 3124 407 3174 transiit
430 3124 518 3188 primo
547 3123 580 3174 ed
604 3123 751 3175 Ecclesiam
777 3125 957 3176 senonensem
986 3125 1064 3186 1169,
1093 3125 1189 3174 deinde
1214 3125 1324 3176 ineunte

305 3234 375 3271 anno
404 3221 473 3271 1176
496 3222 531 3271 ad
558 3221 657 3272 Eccles.
681 3224 838 3271 lismensem
864 3221 918 3283 (Vl.
938 3221 976 3270 ld.
994 3221 1085 3283 hug.);
1107 3219 1173 3271 obiit
1200 3221 1322 3272 Lauduni

306 3315 357 3363 Vll.
375 3313 412 3363 ld.
431 3313 534 3378 Septbr.
556 3312 630 3363 12⁰2.
666 3315 762 3363 Remos
787 3314 887 3362 relatus
912 3313 939 3362 in
965 3313 1081 3364 Ecclesia
1107 3315 1252 3365 cathedrali
1280 3321 1324 3366 iu-

308 3411 424 3460 mulatus
443 3414 484 3459 est
501 3409 574 3458 iusta
594 3407 681 3456 maius
700 3407 782 3457 111111
807 3407 858 3457 sub
885 3407 985 3472 lapide,
1011 3407 1056 3458 cui
1079 3407 1206 3475 insculpti
1225 3409 1325 3462 dicun-

307 3508 350 3554 tur
368 3502 497 3553 inconditi
515 3506 658 3566 sequentes
677 3514 787 3552 vorsus:

383 3596 503 3648 Moribus
521 3597 653 3658 excelsus,
673 3595 814 3658 providus,
834 3596 916 3657 mitis,
938 3596 1054 3660 prudens
1075 3602 1100 3648 et
1120 3599 1193 3663 pacis
1211 3604 1324 3663 amator,

384 3692 464 3742 hunis
483 3690 615 3741 bisdenis
634 3695 660 3740 et
679 3701 725 3740 sex
743 3703 805 3740 cum
824 3690 945 3754 simplice
964 3703 1055 3740 meuse

384 3787 499 3838 Praeiuit
517 3787 736 3850 archiepiscopus
754 3786 902 3836 Willalmus
920 3785 946 3834 in
968 3787 1034 3836 urbe
1053 3789 1177 3838 Remensi

385 3883 501 3948 Septima
521 3883 683 3946 Septembris
700 3881 762 3932 idus
781 3881 828 3931 luit
846 3881 905 3931 iinis
923 3882 994 3932 vitae
1013 3896 1096 3932 meae.

343 3979 375 4028 ci.
398 3980 459 4029 Gall.
479 3979 538 4029 Chr.
556 3979 596 4029 lll.
621 3993 646 4043 p.
664 3978 759 4030 95.-
795 3979 946 4031 Merlotlll.
972 3977 1228 4044 ρ.15·1-61111.-
1269 3978 1324 4028 Bu-

308 4075 382 4124 laeus
400 4075 430 4123 11.
450 4087 475 4136 p.
494 4071 651 4134 sel-4903
672 4087 696 4136 p.
716 4071 766 4121 714
784 4086 843 4136 sqq.

223 4169 266 4231 66)
307 4169 401 4220 Mar-lot
419 4169 459 4220 lll.
480 4182 505 4233 p.
525 4167 585 4220 5⁰3.
606 4168 639 4219 ci.
659 4167 724 4218 Cod.
743 4165 858 4220 Colbert.
877 4168 954 4219 inire.

242 4596 584 4828 Τ
