2810 4882
614 365 660 438 15

86 577 214 640 extitisse
246 575 436 632 Gualtherum
461 576 553 646 Episc.
577 576 677 646 Magal.
709 591 797 647 supra
826 572 1099 654 demonstravimus)
1128 594 1187 634 non

85 687 240 756 scripsisse
264 686 476 758 expositionem
501 686 529 740 iu
560 685 745 756 psalterium,
780 684 831 740 sed
873 684 1000 740 edidisse
1037 691 1187 741 tantuma

85 796 233 852 lietberto
249 799 448 867 compositam,
475 802 506 852 ut
528 796 595 852 alibi
617 796 798 860 docebimus,
823 801 919 852 tamen
941 797 1019 852 hunc
1032 797 1079 856 ,ab
1101 798 1186 852 llenr.

85 906 179 962 Gand.
204 908 322 976 intelligi
345 907 452 973 eredo,
475 909 525 978 qui
548 908 624 963 sedit
646 907 683 964 ab
706 921 784 962 anno
812 911 936 963 4404-
952 911 1040 964 ttae.
1085 909 1187 978 Neque

84 1035 157 1074 vero
179 1020 270 1087 magis
293 1019 453 1088 quidquam
477 1019 546 1074 dicit
576 1019 653 1074 idem
677 1019 763 1074 llenr.
781 1009 914 1076 (landav.
938 1017 975 1074 de
998 1024 1091 1074 aetate
1114 1021 1188 1074 alte*

83 1131 145 1184 rius
161 1130 318 1195 Gualtheri,
342 1129 433 1184 dicti
459 1129 500 1183 de
516 1129 746 1195 castellione,
770 1131 820 1199 qui
836 1128 1047 1184 Alexandreida
1065 1146 1188 1200 compo-

85 1241 151 1296 suit.
171 1239 227 1294 Sed
245 1240 303 1316 hoc
317 1239 388 1296 nihil
404 1241 536 1293 interest:
553 1239 712 1299 aliamulta
724 1243 792 1294 sunt
806 1242 984 1306 argumenta,
1001 1237 1109 1307 quibus
1125 1240 1187 1309 ejus

84 1355 164 1406 aetas
187 1353 217 1404 in
241 1352 413 1406 universum
436 1349 554 1420 quidem
587 1349 722 1404 constitui
751 1352 854 1417 potest.
892 1347 992 1402 'Modo
1026 1347 1054 1401 id
1085 1353 1188 1402 tenea-

83 1477 159 1526 mus,
183 1461 258 1516 duos
280 1461 436 1516 llenricum
461 1460 554 1516 Gand.
579 1473 735 1515 recensere
759 1460 940 1524 Gualtberos
965 1475 1090 1528 quorum
1114 1460 1187 1513 alter

84 1571 180 1640 Episc.
204 1571 304 1639 llagal.
329 1571 430 1634 luerit,
454 1570 528 1624 alter
549 1583 609 1623 non
633 1542 726 1623 luerit.

169 1681 211 1734 Ex
233 1679 353 1736 luberti
376 1681 473 1736 ldiraei
496 1679 592 1734 Schol.
616 1679 651 1734 ad
676 1680 762 1736 llcnr.
787 1678 917 1736 (landav.
940 1679 1045 1744 video,
1075 1679 1185 1734 Sixtum

84 1805 205 1860 quoque
244 1790 406 1850 senensem
441 1791 478 1844 de
513 1790 632 1846 duobus
661 1791 826 1846 Gualtheris
857 1790 973 1844 llenrici
1009 1791 1184 1844 sententiam

31 1875 58 1926 V·
84 1899 238 1969 amplecti,
266 1912 443 1968 quamquam
465 1900 521 1970 ipsi
544 1899 613 1954 milii
635 1897 704 1954 Sixti
727 1897 816 1954 verba
845 1900 990 1970 inspicere
1014 1913 1073 1954 non
1097 1899 1183 1954 licuit.

171 2007 242 2062 Cum
266 2009 390 2064 llenrico
413 2009 600 2066 (landavensi
631 2009 706 2064 duos
728 2015 863 2064 recenset
886 2009 1065 2066 Gualtheros¹
1082 2009 1186 2065 lnsulis

83 2116 227 2172 oriundos
249 2117 424 2172 Trithemius
448 2111 488 2192 ²⁹)
511 2119 586 2172 Dicit
608 2119 695 2172 enim.
804 2196 806 2200 Ι

235 2225 390 2290 „Galterus
423 2225 586 2296 Episcopus
631 2227 805 2295 llagolensis
845 2241 881 2282 ex
902 2228 1023 2283 ¹lnsulis
1075 2227 1184 2298 oppido

237 2333 409 2400 „Flandriae
443 2335 600 2400 oriundus,
637 2337 680 2388 vir
712 2337 741 2390 in
771 2321 879 2393 divinis
908 2338 1066 2406 scripturis
1095 2338 1186 2406 longo

237 2445 351 2510 „studio
377 2447 565 2520 exercitatus,
589 2462 624 2502 ac
653 2447 847 2504 saecularium
880 2448 1027 2506 literarum
1054 2463 1114 2504 non
1138 2449 1183 2517 ig-

235 2569 359 2621 „naruS,
383 2556 501 2624 ingenio
524 2560 677 2626 praestans
709 2561 738 2610 et
761 2557 857 2614 clarus
887 2556 1019 2625 eloquio,
1048 2558 1098 2626 qui
1126 2571 1180 2612 suo

138 2695 142 2704 ·
234 2669 385 2735 „tempore
414 2670 534 2736 propter
563 2664 725 2722 doctrinam
765 2671 794 2720 et
830 2665 1024 2720 eruditionem
1057 2635 1181 2734 magnae

233 2773 498 2843 „opinionis.,tuit‚
516 2774 648 2844 'scripsit
682 2772 719 2832 ad
751 2773 921 2859 petitionem
957 2774 1116 2843 Praepositi
1154 2781 1184 2834 et

231 2883 428 2949 „clericorum
457 2884 617 2939 lnsulensis
640 2863 791 2940 'Ecclesiae
826 2899 915 2954 super
950 2885 1117 2955 psalterium
1146 2887 1183 2942 u-

232 2992 337 3059 „brum
360 3007 452 3049 unum
476 2999 504 3049 et
526 2993 666 3064 quasdam
689 2993 839 3064 Epistolas.
876 2992 937 3050 Alia
960 3011 1079 3066 quoque
1102 3011 1182 3052 non-

231 3102 328 3168 „nulla
352 3101 450 3168 edidit,
475 3117 551 3172 quae
574 3101 610 3158 ad
635 3103 764 3158 notitiam
787 3107 917 3160 nostram
946 3105 1066 3166 minime
1088 3121 1182 3163 vene·
1232 3145 1234 3148 -
1334 3097 1337 3104 ’

184 3243 187 3251 ‹
230 3216 347 3279 ‚,runt.“
378 3247 379 3252 κ

164 3323 277 3379 Deinde
300 3325 356 3380 alio
380 3325 459 3390 loco,
491 3339 579 3394 quem
612 3339 658 3378 me
691 3326 821 3395 reperire
852 3339 912 3380 non
934 3330 1065 3398 potuisse
1089 3331 1180 3386 fateor

79 3439 109 3490 et
130 3433 235 3500 doleo,
269 3435 458 3508 Trithemium
482 3433 519 3490 de
542 3438 642 3490 nostro
665 3434 823 3490 Gualtliero
848 3435 922 3492 haee
946 3438 1059 3507 prolerr
1080 3444 1182 3496 auctor

78 3545 150 3608 mihi
182 3547 227 3600 est
261 3543 416 3602 Buzelinus
438 3537 489 3619 3⁰).
530 3541 599 3612 ·Qui
629 3546 784 3613 postquam
812 3542 963 3604 deltano
994 3547 1108 3605 locutus
1137 3556 1182 3605 est

78 3656 153 3711 haec
176 3653 271 3710 addit:

79 3869 306 3879 ---·-—---

77 4020 120 4080 29)
166 4020 239 4086 apud
259 4018 359 4072 Fabric.
378 4022 393 4071 Ι.
413 4021 429 4070 1,
450 4034 475 4084 p.
499 4019 555 4072 112.

76 4171 120 4232 30)
164 4156 476 4222 θαΙΙοιΡΙαῃᾱτίειέαοω
496 4175 521 4221 et
541 4170 659 4234 protana.
681 4170 764 4222 Duaci
786 4169 858 4223 2625.
880 4170 921 4221 tol.
941 4184 967 4235 p.
985 4170 1027 4222 36.
