2810 4882
760 303 807 432 2¹6
856 356 859 362 ’

380 568 487 636 „parim
518 572 567 622 aut
590 572 620 622 ut
642 569 738 622 verius
762 569 896 639 dixerim,
932 570 1103 639 perenniter
1125 569 1209 623 fovet.
1262 566 1323 622 Non

377 678 474 742 „enim
497 679 693 732 conscientiae
724 679 776 734 sed
808 680 912 749 culpae
944 684 986 733 est
1015 684 1114 748 partus
1136 681 1205 745 iste,
1239 695 1322 748 quem

379 800 515 854 „semper
537 765 607 840 aTe
625 788 704 841 Deus
728 787 812 841 faciat
834 789 971 842 alienum.
1017 787 1046 842 Si
1069 787 1105 842 de
1129 803 1176 844 me
1199 789 1320 855 quaeris,

375 910 468 960 „sano
486 899 513 949 et
536 897 683 962 incolumi,
708 897 880 967 suffragatur
902 899 1057 968 negotiatio
1081 899 1248 962 litterarum,
1272 913 1320 951 ex-

376 1007 522 1076 „peotanti
556 1008 784 1062 misericordiam
812 1010 927 1063 Domini
963 1010 993 1062 in
1024 1007 1169 1063 aiiluentia
1208 1009 1320 1064 illorum

373 1129 469 1184 „quae
492 1119 593 1169 natura
618 1114 762 1185 deposcit,
795 1121 844 1171 aut
876 1118 1093 1172 conviventium
1115 1131 1221 1170 mores
1267 1116 1321 1170 Co-

374 1223 490 1289 „exulat
518 1225 588 1279 mihi
621 1224 708 1278 irater
738 1240 822 1280 meus
851 1202 968 1281 mecum
997 1225 1032 1278 ad
1062 1239 1149 1278 omne
1181 1229 1263 1279 tuum
1290 1227 1319 1278 in

372 1335 515 1406 „Domino
539 1341 690 1405 promptus
713 1325 894 1404 obsequium.
935 1333 1031 1401 Quum
1054 1315 1151 1388 autem
1174 1332 1210 1388 ad
1234 1348 1319 1402 prae-

372 1458 460 1508 „sens
483 1442 560 1500 aliud
584 1458 780 1512 nequeamus,
814 1444 994 1498 salutationis
1017 1447 1045 1496 et
1067 1416 1319 1496 devotionis'mu-

329 1586 332 1591 ·
370 1569 446 1619 „nus
468 1554 624 1620 offerimus
647 1570 701 1624 per
722 1560 750 1609 te
774 1553 905 1610 diceutes
927 1554 1048 1608 salutem
1072 1552 1179 1622 quibus
1201 1555 1320 1608 noveris

370 1664 535 1736 „expedire
560 1670 589 1720 et
612 1665 781 1719 nominatim
797 1665 912 1719 clericis
935 1654 1026 1729 aulae,
1051 1667 1102 1732 qui
1124 1679 1180 1718 nec
1203 1677 1239 1716 ex
1260 1679 1319 1716 no-

301 1767 304 1776 ’
371 1777 469 1842 „mine
506 1776 749 1832 excommunicati
790 1779 858 1830 sunt
900 1788 955 1829 nec
1000 1775 1316 1834 excommunicatorum

368 1886 627 1956 „participatione“
649 1879 699 1960 ⁶0).
755 1949 759 1958 ἱ

304 1995 380 2051 llaec
402 1995 632 2052 sarisberiensis.
678 1995 758 2064 Quae
781 2002 876 2050 tamen
900 2009 947 2048 res
970 1994 1073 2059 fuerit,
1098 2009 1173 2063 qnae
1195 1995 1226 2047 in
1250 1999 1313 2050 tan-

219 2112 280 2163 turn
309 2109 470 2178 periculum
493 2107 680 2163 Gualtherum
710 2120 764 2173 pro
791 2105 864 2158 iusta
887 2119 974 2158 causa
999 2109 1177 2174 pugnantem
1199 2102 1315 2160 addux-

219 2221 362 2286 erit,.n0n
383 2213 483 2289 liquet.
510 2217 642 2278 'Henrioi
663 2217 772 2285 regiam
801 2217 895 2298 aulam
919 2215 997 2290 c'erte
1019 2217 1136 2284 reliquit
1157 2221 1184 2271 et
1207 2219 1236 2271 in
1259 2234 1314 2287 pa-

218 2330 300 2402 tri-am
324 2328 420 2406 rediit,
445 2327 555 2400 'novam
578 2328 663 2382 simul
685 2326 844 2396 Anglorum
877 2326 1054 2380 emulantium
1077 2328 1208 2394 patriam.
1252 2329 1314 2382 Rex

218 2437 296 2491 enim
317 2436 482 2492 Ludovicus
504 2441 531 2493 et
550 2436 638 2491 irater
660 2437 722 2490 cius
744 2434 885 2488 Henrious
907 2434 926 2487 l.
950 2425 1006 2508 61),
1035 2435 1187 2490 Remensis
1216 2437 1315 2491 arohi-

217 2549 373 2618 episcopus
386 2564 498 2602 summa
512 2527 581 2626 lcum
596 2545 765 2600 liberalitate
779 2559 907 2612 veraque
921 2545 1009 2598 animi
1025 2545 1224 2612 magnitudine
1239 2562 1314 2601 exu-

215 2660 258 2714 les
280 2659 345 2712 illos
367 2655 443 2728 apud
467 2671 499 2711 se
521 2653 709 2724 recipiebant,
734 2631 895 2722 corumque
918 2668 980 2706 rem
1002 2654 1187 2727 iustissimam
1210 2660 1313 2708 contra

214 2767 330 2821 chrici
343 2767 509 2821 iniustitiam
522 2763 727 2820 defendebant.
757 2763 838 2819 Remi
857 2769 923 2842 aute
940 2779 1051 2831 omnes,
1076 2765 1126 2820 ubi
1149 2780 1209 2818 uon
1233 2767 1313 2821 mul-

214 2879 275 2930 tum
297 2878 366 2929 ante
387 2875 553 2946 litterarum
568 2873 881 2933 universitasoondita
904 2874 992 2930 tuisse
1017 2874 1133 2940 dicitur,
1162 2875 1312 2928 Musarum

214 2983 404 3052 domicilium,
438 2983 524 3040 se'des
548 2983 781 3039 doctissimorum
804 2987 832 3037 et
846 3002 848 3008 ’
861 2983 1125 3038 eruditissimorum
1146 2983 1309 3048 hominum,

209 3256 273 3320 out
297 3256 329 3306 cf.
348 3257 396 3319 ap.
416 3253 487 3308 cxv,
507 3256 585 3316 (erres
603 3257 633 3308 n.
653 3270 679 3319 p.
699 3219 765 3309 aot.
800 3254 839 3308 aa
860 3253 974 3302 eundem
993 3253 1094 3303 ouauu
1114 3253 1221 3317 scripu.

209 3353 253 3413 61)
293 3351 325 3403 oi.
346 3353 407 3420 Gall.
427 3351 479 3400 Chr
496 3352 536 3410 lli.
557 3350 615 3401 rou
638 3349 663 3398 E.
684 3375 716 3384 -
761 3346 928 3397 Henricusl.
949 3346 1028 3396 irater
1047 3347 1174 3398 ludovici
1203 3348 1252 3398 Vll.
1276 3361 1309 3397 err

295 3444 453 3510 episcopatu
483 3443 663 3495 Bellovaconsi
689 3442 791 3494 transiit
822 3442 855 3491 ad
879 3441 969 3492 sedem
998 3443 1152 3492 [lomensem
1181 3443 1235 3492 Xlll
1251 3443 1310 3492 Cal.

252 3555 260 3607 ‘.
294 3535 366 3586 Febr.
387 3541 409 3586 a.
429 3535 507 3597 11623
527 3535 592 3586 obiit
614 3537 639 3586 d.
663 3535 701 3586 13.
722 3537 818 3606 chbr.
840 3536 906 3604 11⁷5
925 3563 943 3569 -
970 3536 1004 3587 ol.
1026 3535 1120 3586 Marlot
1140 3538 1180 3594 lll,
1199 3551 1225 3600 p.
1244 3536 1307 3588 452.

296 3629 356 3681 455.
375 3624 418 3680 fin.
440 3655 469 3666 -
501 3631 534 3680 ci.
553 3632 614 3680 Gall.
640 3623 700 3680 Chr,
718 3633 760 3682 IX.
780 3643 806 3692 p.
823 3632 864 3682 94.
884 3635 915 3684 D.
969 3631 1126 3693 „Laudatur
1161 3639 1313 3696 praeterea,

296 3727 371 3790 quod
397 3726 423 3778 in
451 3727 524 3778 viros
547 3726 643 3777 doctos
667 3740 698 3778 aa
726 3726 803 3778 tuerit
829 3701 1008 3794 propensione
1028 3742 1061 3779 ac
1078 3729 1245 3791 liberalitate,
1279 3734 1311 3780 ut

295 3832 365 3882 quos
384 3820 474 3873 lovere
492 3825 599 3884 posset,
621 3821 693 3897 apud
713 3836 742 3872 se
760 3822 907 3898 retinuerit,
924 3824 1044 3884 subsidio
1064 3827 1102 3876 eis
1121 3829 1250 3878 collocato
1272 3828 1309 3877 ad

297 3913 381 3965 decus
406 3921 431 3965 et
459 3921 643 3988 ornamentum
663 3918 791 3970 ecelesiae
808 3932 889 3970 suae:
916 3920 984 3971 inter
1008 3935 1054 3972 eos
1080 3936 1143 3972 vero
1163 3899 1308 3972 ltadulium

262 4027 264 4032 ·
295 4012 447 4062 nemausam
471 4012 601 4063 decanum
628 4019 653 4064 at
676 4015 735 4064 Joh.
754 4014 973 4068 sarisberiensem
998 4022 1143 4083 utrumque
1166 4011 1310 4084 A'ngturn.“

299 4132 326 4140 -
350 4106 380 4156 cr.
403 4107 495 4160 uariat
513 4123 539 4172 p.
560 4109 618 4160 501.
638 4115 664 4160 et
682 4109 741 4162 502.
863 4100 865 4106 '
