2810 4882
741 339 788 410 22

215 542 285 598 illud
313 546 380 614 post
400 544 524 614 primam
551 537 630 598 sslam
665 545 923 602 commorationem
956 547 1230 618 castellionensem
1248 552 1318 626 sed

217 651 306 706 multo
328 657 395 722 post
423 655 573 723 tempore,
604 667 671 706 cum
702 653 763 722 jam
801 654 856 710 sub
878 657 1003 712 Henrico
1043 662 1071 712 et
1094 659 1238 715 Guilelmo
1261 661 1321 716 lir-

217 755 410 830 chiepiscopis
437 761 534 816 Remis
566 761 695 827 vixisset,
726 763 793 818 illuc
823 763 959 820 reversus
990 771 1018 820 et
1045 782 1154 824 nomen
1194 770 1321 842 adeptus

217 861 395 946 111541-
736 939 738 943 ⁸
1127 847 1130 853 '

302 977 451 1044 „Tandem
481 993 551 1062 vero
583 966 775 1035 considerans
811 982 933 1036 multum
966 983 1089 1039 laboris'
1108 990 1137 1040 et
1165 987 1320 1042 minimum

217 1088 345 1144 utilitatis
374 1089 404 1142 in
434 1087 544 1145 artibus
573 1105 637 1145 esse
668 1089 881 1157 liberalibus‚“
906 1085 1076 1170 (Guelferb.)
1101 1096 1264 1150 Bononiam
1288 1113 1320 1151 se

218 1197 369 1258 transtulit,
399 1197 498 1267 ibique
521 1199 576 1252 iuri
599 1197 716 1267 publico
740 1205 768 1254 et
790 1201 987 1256 ecclesiastico
1002 1201 1182 1258 addiscendo
1199 1219 1321 1273 operam

219 1296 320 1362 dedit.'
337 1307 396 1362 Hoo
412 1309 549 1362 convenit
564 1324 631 1364 cum
646 1310 688 1375 iis,
706 1325 781 1380 quae
797 1311 927 1366 Giesebr.
945 1311 1111 1366 doctissime
1132 1314 1275 1382 exposuit.
1293 1331 1322 1383 p.

221 1419 289 1474 374.
337 1418 365 1473 Si
388 1419 465 1474 enim
496 1434 596 1474 verum
626 1423 683 1485 est,
715 1425 863 1476 auctorem
890 1423 1090 1494 archipoetae,
1128 1425 1325 1505 confessionis

220 1527 319 1582 Goliae
344 1531 373 1581 et
394 1528 606 1597 apocalypseos
630 1527 730 1583 Goliae
752 1544 846 1584 unum
869 1530 1057 1600 eundemque
1081 1547 1154 1596 esse,
1179 1527 1325 1586 Gualthe'-

218 1649 283 1691 rum
308 1637 418 1691 seilicet
438 1637 615 1704 Insulannm,
638 1609 715 1693 bene
737 1640 913 1709 intelligitur,
938 1641 1086 1710 quomodo
1110 1643 1187 1696 cirea
1209 1655 1323 1695 annum

224 1745 431 1802 1162-1164
462 1742 679 1802 consessionem
703 1748 802 1804 Goliae
832 1748 962 1804 scribere
992 1751 1119 1820 potuerit
1147 1750 1323 1816 Gualtherus

220 1854 322 1908 Paviae
339 1846 384 1928 (cl.
403 1854 534 1910 Giesebr.
558 1873 584 1928 p.
604 1852 790 1934 aet-359).
813 1859 885 1914 Nam
908 1859 945 1914 ad
961 1859 1014 1914 lios
1037 1873 1131 1913 annos
1146 1857 1242 1910 relero
1260 1858 1326 1916 eius
1353 1854 1355 1859 ’

219 1966 274 2019 iter
288 1964 432 2030 Italicum,
460 1980 527 2020 cum
550 1948 628 2021 anno
654 1970 733 2050 1166
754 1967 839 2023 nobis
863 1970 997 2043 occurrat
1020 1967 1048 2018 in
1071 1965 1136 2019 aula
1159 1965 1276 2020 Hearici
1291 1967 1324 2020 ll.

220 2073 339 2143 Angliae
362 2077 439 2143 regis
462 2076 512 2132 ubi
536 2092 597 2132 non
621 2079 740 2144 minima
771 2078 907 2145 dignitate
931 2081 959 2130 et
982 2076 1151 2130 auctoritate
1181 2079 1226 2129 vel
1246 2075 1325 2145 apud

219 2185 315 2258 ipsum
332 2201 430 2256 regem
447 2184 576 2251 florebat,
594 2191 625 2240 ut
639 2185 739 2240 videre
758 2185 824 2240 licet
840 2194 875 2240 ex
890 2185 954 2250 loli,
970 2183 1075 2240 Sarisb.
1099 2185 1151 2253 Ep·
1168 2165 1258 2240 CXLV
1274 2179 1324 2260 ⁵⁵).

222 2296 259 2353 ad
283 2297 513 2356 Bartolomaeum
536 2295 730 2351 Exoniensem
752 2296 945 2365 Episcopum,
980 2294 1064 2347 cuius
1095 2291 1151 2347 sub
1182 2293 1271 2348 finem
1296 2312 1324 2364 p.

224 2411 294 2465 aaa.
339 2407 418 2463 Giles
440 2407 513 2461 haec
535 2407 686 2476 leguntur:
727 2415 729 2419 ·
770 2423 804 2472 ·.
873 2389 878 2396 '

337 2505 339 2509 ¹
370 2518 467 2584 „llaec
506 2517 625 2587 quidem
664 2518 779 2571 interim
808 2515 896 2584 gessit
918 2515 1173 2584 archiepiscopus:
1216 2519 1244 2568 et
1274 2531 1327 2570 rex

372 2618 553 2701 ‚‚(Henricus)
572 2653 620 2690 ⁸-
646 2623 724 2693 quod
747 2624 784 2679 ad
813 2627 939 2679 vestram
967 2625 1097 2678 notitiam
1124 2625 1241 2679 venisse
1264 2639 1326 2678 non
1379 2641 1382 2652 ·

371 2735 506 2805 „ambigo
535 2765 573 2776 -
598 2736 690 2790 virum
734 2734 844 2790 bonum
879 2735 1046 2804 Magistrum
1076 2733 1257 2789 Waltherum
1289 2735 1327 2789 de

299 2897 300 2902 ,
371 2847 486 2914 „lrisula
509 2847 585 2902 misit
607 2847 636 2920 in
660 2844 791 2914 Angliam
814 2860 881 2900 cum
905 2845 993 2900 literis
1008 2824 1192 2918 a'colloquio
1216 2846 1327 2900 Chino-

372 2960 495 3025 „nensi,
525 2964 557 3014 ut
577 2957 728 3013 insulanos
750 2972 840 3028 super
863 2958 934 3022 iacta
963 2957 1156 3028 appellatione
1185 2971 1326 3027 praemu-

227 3120 443 3130 ffl--a

225 3209 268 3272 54)
312 3209 346 3261 ci.
364 3211 452 3259 lourn.
472 3207 519 3258 des
540 3209 617 3268 Scav.
636 3207 651 3256 l.
669 3207 684 3254 l.
712 3231 747 3240 -
783 3207 843 3266 „On
869 3218 902 3254 ne
926 3205 1026 3254 saurait
1045 3203 1115 3254 donc
1135 3203 1247 3264 douter,
1274 3219 1327 3270 que

313 3303 430 3354 Gaultier
453 3315 485 3351 ne
513 3301 549 3350 lut
566 3300 599 3350 ne
618 3301 633 3349 ὲ
652 3300 721 3348 [1110.
741 3297 895 3362 Cependant
915 3297 936 3345 ta
966 3297 1027 3370 ville
1054 3299 1088 3348 de
1107 3297 1249 3360 Chitlllon,
1275 3299 1327 3349 soit

314 3399 376 3463 qu’il
390 3411 411 3461 ,y
426 3395 469 3447 elit
487 3393 567 3460 passe
585 3395 609 3444 la
629 3368 764 3442 meilleure
784 3393 868 3456 partie
887 3390 920 3441 de
938 3404 968 3440 se
988 3392 1044 3451 vie,
1069 3391 1122 3441 soit
1149 3395 1211 3456 qu’il
1231 3408 1248 3458 y
1275 3393 1328 3444 soit

313 3495 399 3553 mort,
417 3505 432 3539 a
452 3489 547 3555 depuis
565 3491 728 3554 long-temps
747 3486 848 3552 usurpe
866 3500 913 3536 sur
932 3499 962 3536 sa
982 3487 1067 3550 patrie
1085 3482 1220 3536 l'honneur
1239 3487 1272 3538 de
1291 3488 1328 3538 lui

248 3610 251 3615 ·
315 3587 417 3638 donner
435 3599 470 3634 un
491 3599 609 3645 surnom,
628 3584 733 3634 suivant
753 3598 783 3633 ce
802 3595 862 3632 vers
881 3581 1007 3646 rapporte
1032 3595 1080 3644 par
1093 3583 1180 3646 Henry
1200 3583 1233 3632 de
1245 3582 1327 3642 (land,

313 3682 433 3734 Eorivain
459 3694 576 3745 presque
603 3675 802 3739 contemporain
823 3675 856 3724 de
881 3675 995 3724 Gaultier
1017 3677 1124 3734 „insula
1151 3701 1184 3710 -
1206 3677 1329 3726 nomen.“

314 3773 441 3840 L'origine
462 3774 498 3825 du
517 3786 628 3825 surnom
648 3771 681 3820 de
702 3767 924 3831 custelliouueue
958 3770 1078 3817 remonte
1104 3766 1174 3817 donc
1198 3767 1327 3830 jusqu’au

210 3927 213 3932 Α
313 3875 381 3930 tems
401 3870 435 3920 oti
453 3869 470 3918 ll
489 3883 503 3918 a
524 3867 607 3918 veen:
632 3864 705 3916 aussi
722 3867 762 3914 est
781 3862 850 3912 celui
869 3861 914 3924 qui
934 3875 950 3910 a
968 3860 1085 3926 prevelu,
1103 3863 1127 3910 le
1144 3861 1201 3910 seul
1220 3875 1270 3926 par
1290 3863 1328 3911 le-

315 3967 374 4031 quel
394 3980 428 4015 on
449 3966 473 4015 le
487 3947 622 4025 distingue
641 3960 687 4010 des
707 3959 805 4016 autres'
817 3956 952 4007 Ecrlvains
971 3956 1006 4005 du
1026 3949 1220 4026 meme'nom.“
1239 3981 1271 3992 ·-
1292 3957 1326 4006 oi.

228 4061 231 4067 “
248 4063 249 4068 ’
313 4059 388 4109 inira.

229 4158 274 4218 55)
314 4156 418 4220 Scripta
438 4160 477 4205 est
496 4154 541 4216 Ep.
561 4165 630 4202 anno
652 4149 726 4200 1166.
