<?xml version="1.0" encoding="UTF-8"?>
<!DOCTYPE html PUBLIC "-//W3C//DTD XHTML 1.0 Transitional//EN"
    "http://www.w3.org/TR/xhtml1/DTD/xhtml1-transitional.dtd">
<html xmlns="http://www.w3.org/1999/xhtml" xml:lang="en" lang="en">
 <head>
  <title>
</title>
<meta http-equiv="Content-Type" content="text/html;charset=utf-8" />
  <meta name='ocr-system' content='tesseract 3.04.00' />
  <meta name='ocr-capabilities' content='ocr_page ocr_carea ocr_par ocr_line ocrx_word'/>
</head>
<body>
  <div class='ocr_page' id='page_1' title='image "./devitamagistrip00muelgoog_0030.png"; bbox 0 0 2810 4882; ppageno 0'>
   <div class='ocr_carea' id='block_1_1' title="bbox 610 371 657 444">
    <p class='ocr_par' dir='ltr' id='par_1_1' title="bbox 610 371 657 444">
     <span class='ocr_line' id='line_1_1' title="bbox 610 371 657 444; baseline 0 0"><span class='ocrx_word' id='word_1_1' title='bbox 610 371 657 444; x_wconf 76' lang='lat'><strong>25</strong></span> 
     </span>
    </p>
   </div>
   <div class='ocr_carea' id='block_1_2' title="bbox 230 561 1189 869">
    <p class='ocr_par' dir='ltr' id='par_1_2' title="bbox 230 561 1189 869">
     <span class='ocr_line' id='line_1_2' title="bbox 232 561 1189 652; baseline -0.013 -12"><span class='ocrx_word' id='word_1_2' title='bbox 232 589 421 652; x_wconf 88' lang='lat' dir='ltr'><strong>„toteramus,</strong></span> <span class='ocrx_word' id='word_1_3' title='bbox 456 583 527 636; x_wconf 89' lang='lat' dir='ltr'><strong>certi</strong></span> <span class='ocrx_word' id='word_1_4' title='bbox 563 561 641 650; x_wconf 87' lang='lat' dir='ltr'><strong>quod</strong></span> <span class='ocrx_word' id='word_1_5' title='bbox 666 580 738 634; x_wconf 85' lang='lat' dir='ltr'>nihil</span> <span class='ocrx_word' id='word_1_6' title='bbox 769 577 856 632; x_wconf 91' lang='lat' dir='ltr'><strong>nobis</strong></span> <span class='ocrx_word' id='word_1_7' title='bbox 877 591 986 632; x_wconf 87' lang='lat' dir='ltr'><strong>nocere</strong></span> <span class='ocrx_word' id='word_1_8' title='bbox 1010 576 1129 646; x_wconf 85' lang='lat' dir='ltr'><strong>poterit,</strong></span> <span class='ocrx_word' id='word_1_9' title='bbox 1165 577 1189 630; x_wconf 90' lang='lat' dir='ltr'><strong>si</strong></span> 
     </span>
     <span class='ocr_line' id='line_1_3' title="bbox 230 685 1189 761; baseline -0.011 -12"><span class='ocrx_word' id='word_1_10' title='bbox 230 694 321 761; x_wconf 91' lang='lat' dir='ltr'><strong>„boni</strong></span> <span class='ocrx_word' id='word_1_11' title='bbox 343 691 372 747; x_wconf 91' lang='lat' dir='ltr'><strong>id</strong></span> <span class='ocrx_word' id='word_1_12' title='bbox 393 695 430 747; x_wconf 90' lang='lat' dir='ltr'><strong>ist</strong></span> <span class='ocrx_word' id='word_1_13' title='bbox 453 690 569 745; x_wconf 90' lang='lat' dir='ltr'><strong>divinae</strong></span> <span class='ocrx_word' id='word_1_14' title='bbox 597 689 668 758; x_wconf 80' lang='lat' dir='ltr'><strong>legis</strong></span> <span class='ocrx_word' id='word_1_15' title='bbox 690 688 884 744; x_wconf 76' lang='lat' dir='ltr'><strong>aemulatores</strong></span> <span class='ocrx_word' id='word_1_16' title='bbox 914 687 1062 742; x_wconf 84' lang='lat' dir='ltr'><strong>fuerimus.</strong></span> <span class='ocrx_word' id='word_1_17' title='bbox 1123 685 1189 739; x_wconf 91' lang='lat' dir='ltr'><strong>Non</strong></span> 
     </span>
     <span class='ocr_line' id='line_1_4' title="bbox 232 796 1188 869; baseline -0.009 -11"><span class='ocrx_word' id='word_1_18' title='bbox 232 804 330 869; x_wconf 83' lang='lat' dir='ltr'><strong>„enim</strong></span> <span class='ocrx_word' id='word_1_19' title='bbox 352 805 385 856; x_wconf 91' lang='lat' dir='ltr'><strong>ut</strong></span> <span class='ocrx_word' id='word_1_20' title='bbox 405 800 555 856; x_wconf 85' lang='lat' dir='ltr'><strong>criminosi</strong></span> <span class='ocrx_word' id='word_1_21' title='bbox 576 800 715 869; x_wconf 91' lang='lat' dir='ltr'><strong>patimur,</strong></span> <span class='ocrx_word' id='word_1_22' title='bbox 747 797 826 867; x_wconf 89' lang='lat' dir='ltr'><strong>quod</strong></span> <span class='ocrx_word' id='word_1_23' title='bbox 848 796 967 868; x_wconf 86' lang='lat' dir='ltr'><strong>publice</strong></span> <span class='ocrx_word' id='word_1_24' title='bbox 996 801 1099 851; x_wconf 93' lang='lat' dir='ltr'><strong>notum</strong></span> <span class='ocrx_word' id='word_1_25' title='bbox 1136 799 1188 861; x_wconf 90' lang='lat' dir='ltr'><strong>est,</strong></span> 
     </span>
    </p>
   </div>
   <div class='ocr_carea' id='block_1_3' title="bbox 232 909 1186 981">
    <p class='ocr_par' dir='ltr' id='par_1_3' title="bbox 232 909 1186 981">
     <span class='ocr_line' id='line_1_5' title="bbox 232 909 1186 981; baseline -0.008 -12"><span class='ocrx_word' id='word_1_26' title='bbox 232 915 306 980; x_wconf 92' lang='lat' dir='ltr'><strong>„nisi</strong></span> <span class='ocrx_word' id='word_1_27' title='bbox 334 913 379 968; x_wconf 91' lang='lat' dir='ltr'><strong>his</strong></span> <span class='ocrx_word' id='word_1_28' title='bbox 401 913 451 981; x_wconf 91' lang='lat' dir='ltr'><strong>qui</strong></span> <span class='ocrx_word' id='word_1_29' title='bbox 472 910 619 975; x_wconf 91' lang='lat' dir='ltr'><strong>laborant,</strong></span> <span class='ocrx_word' id='word_1_30' title='bbox 653 912 685 964; x_wconf 90' lang='lat' dir='ltr'><strong>ul</strong></span> <span class='ocrx_word' id='word_1_31' title='bbox 713 922 775 964; x_wconf 91' lang='lat' dir='ltr'><strong>non</strong></span> <span class='ocrx_word' id='word_1_32' title='bbox 797 910 911 980; x_wconf 89' lang='lat' dir='ltr'><strong>sapiant</strong></span> <span class='ocrx_word' id='word_1_33' title='bbox 933 924 1009 978; x_wconf 87' lang='lat' dir='ltr'><strong>quae</strong></span> <span class='ocrx_word' id='word_1_34' title='bbox 1032 909 1086 962; x_wconf 89' lang='lat' dir='ltr'><strong>Dei</strong></span> <span class='ocrx_word' id='word_1_35' title='bbox 1109 910 1186 973; x_wconf 91' lang='lat' dir='ltr'><strong>sunt,</strong></span> 
     </span>
    </p>
   </div>
   <div class='ocr_carea' id='block_1_4' title="bbox 230 1019 1191 4266">
    <p class='ocr_par' dir='ltr' id='par_1_4' title="bbox 230 1019 1191 2726">
     <span class='ocr_line' id='line_1_6' title="bbox 232 1019 1187 1091; baseline -0.008 -13"><span class='ocrx_word' id='word_1_36' title='bbox 232 1023 303 1090; x_wconf 91' lang='lat' dir='ltr'><strong>„sed</strong></span> <span class='ocrx_word' id='word_1_37' title='bbox 326 1021 479 1091; x_wconf 85' lang='lat' dir='ltr'><strong>affligimur</strong></span> <span class='ocrx_word' id='word_1_38' title='bbox 495 1024 527 1075; x_wconf 93' lang='lat' dir='ltr'><strong>ut</strong></span> <span class='ocrx_word' id='word_1_39' title='bbox 548 1019 709 1075; x_wconf 86' lang='lat' dir='ltr'><strong>Christiani.</strong></span> <span class='ocrx_word' id='word_1_40' title='bbox 738 1020 771 1074; x_wconf 90' lang='lat' dir='ltr'><strong>In</strong></span> <span class='ocrx_word' id='word_1_41' title='bbox 794 1035 853 1088; x_wconf 88' lang='lat' dir='ltr'><strong>quo</strong></span> <span class='ocrx_word' id='word_1_42' title='bbox 876 1024 905 1073; x_wconf 89' lang='lat' dir='ltr'><strong>et</strong></span> <span class='ocrx_word' id='word_1_43' title='bbox 919 1019 967 1085; x_wconf 86' lang='lat' dir='ltr'><strong>Te,</strong></span> <span class='ocrx_word' id='word_1_44' title='bbox 991 1019 1187 1083; x_wconf 83' lang='lat' dir='ltr'><strong>dilectissime,</strong></span> 
     </span>
     <span class='ocr_line' id='line_1_7' title="bbox 231 1126 1188 1200; baseline -0.008 -13"><span class='ocrx_word' id='word_1_45' title='bbox 231 1146 305 1198; x_wconf 89' lang='lat' dir='ltr'><strong>„nos</strong></span> <span class='ocrx_word' id='word_1_46' title='bbox 334 1129 496 1200; x_wconf 82' lang='lat' dir='ltr'><strong>gaudemus</strong></span> <span class='ocrx_word' id='word_1_47' title='bbox 527 1127 638 1183; x_wconf 86' lang='lat' dir='ltr'><strong>habere</strong></span> <span class='ocrx_word' id='word_1_48' title='bbox 665 1131 846 1185; x_wconf 87' lang='lat' dir='ltr'><strong>consortem:</strong></span> <span class='ocrx_word' id='word_1_49' title='bbox 884 1141 945 1181; x_wconf 91' lang='lat' dir='ltr'><strong>non</strong></span> <span class='ocrx_word' id='word_1_50' title='bbox 989 1126 1108 1196; x_wconf 88' lang='lat' dir='ltr'><strong>quidem</strong></span> <span class='ocrx_word' id='word_1_51' title='bbox 1139 1131 1188 1180; x_wconf 91' lang='lat' dir='ltr'><strong>luo</strong></span> 
     </span>
     <span class='ocr_line' id='line_1_8' title="bbox 231 1231 1188 1316; baseline -0.003 -21"><span class='ocrx_word' id='word_1_52' title='bbox 231 1234 339 1316; x_wconf 68' lang='lat' dir='ltr'><strong>„iquod</strong></span> <span class='ocrx_word' id='word_1_53' title='bbox 364 1239 446 1294; x_wconf 86' lang='lat' dir='ltr'><strong>neias</strong></span> <span class='ocrx_word' id='word_1_54' title='bbox 477 1231 562 1314; x_wconf 87' lang='lat' dir='ltr'><strong>esset)</strong></span> <span class='ocrx_word' id='word_1_55' title='bbox 591 1237 763 1293; x_wconf 89' lang='lat' dir='ltr'><strong>insultantes</strong></span> <span class='ocrx_word' id='word_1_56' title='bbox 784 1238 921 1303; x_wconf 88' lang='lat' dir='ltr'><strong>reiectui‚</strong></span> <span class='ocrx_word' id='word_1_57' title='bbox 944 1236 997 1292; x_wconf 88' lang='lat' dir='ltr'><strong>sed</strong></span> <span class='ocrx_word' id='word_1_58' title='bbox 1026 1241 1188 1306; x_wconf 85' lang='lat' dir='ltr'><strong>congratu-</strong></span> 
     </span>
     <span class='ocr_line' id='line_1_9' title="bbox 230 1347 1191 1417; baseline -0.004 -12"><span class='ocrx_word' id='word_1_59' title='bbox 230 1355 344 1417; x_wconf 89' lang='lat' dir='ltr'><strong>„tautes</strong></span> <span class='ocrx_word' id='word_1_60' title='bbox 366 1351 471 1405; x_wconf 88' lang='lat' dir='ltr'><strong>virtuti.</strong></span> <span class='ocrx_word' id='word_1_61' title='bbox 515 1349 586 1404; x_wconf 89' lang='lat' dir='ltr'><strong>Nam</strong></span> <span class='ocrx_word' id='word_1_62' title='bbox 616 1353 644 1404; x_wconf 92' lang='lat' dir='ltr'><strong>et</strong></span> <span class='ocrx_word' id='word_1_63' title='bbox 671 1353 703 1403; x_wconf 93' lang='lat' dir='ltr'><strong>tu</strong></span> <span class='ocrx_word' id='word_1_64' title='bbox 733 1347 801 1402; x_wconf 89' lang='lat' dir='ltr'><strong>fidei</strong></span> <span class='ocrx_word' id='word_1_65' title='bbox 830 1352 895 1402; x_wconf 90' lang='lat' dir='ltr'><strong>tuae</strong></span> <span class='ocrx_word' id='word_1_66' title='bbox 931 1348 1023 1403; x_wconf 88' lang='lat' dir='ltr'><strong>iecisti</strong></span> <span class='ocrx_word' id='word_1_67' title='bbox 1047 1347 1135 1401; x_wconf 87' lang='lat' dir='ltr'><strong>fidem</strong></span> <span class='ocrx_word' id='word_1_68' title='bbox 1162 1351 1191 1401; x_wconf 91' lang='lat' dir='ltr'><strong>et</strong></span> 
     </span>
     <span class='ocr_line' id='line_1_10' title="bbox 232 1456 1187 1530; baseline -0.005 -15"><span class='ocrx_word' id='word_1_69' title='bbox 232 1462 453 1530; x_wconf 84' lang='lat' dir='ltr'><strong>„temporalium</strong></span> <span class='ocrx_word' id='word_1_70' title='bbox 491 1462 631 1515; x_wconf 87' lang='lat' dir='ltr'><strong>iacturam</strong></span> <span class='ocrx_word' id='word_1_71' title='bbox 667 1459 880 1528; x_wconf 87' lang='lat' dir='ltr'><strong>contempsisti,</strong></span> <span class='ocrx_word' id='word_1_72' title='bbox 923 1457 994 1514; x_wconf 92' lang='lat' dir='ltr'><strong>dum</strong></span> <span class='ocrx_word' id='word_1_73' title='bbox 1032 1456 1187 1512; x_wconf 84' lang='lat' dir='ltr'><strong>sectareris</strong></span> 
     </span>
     <span class='ocr_line' id='line_1_11' title="bbox 233 1566 1185 1635; baseline -0.001 -13"><span class='ocrx_word' id='word_1_74' title='bbox 233 1570 451 1634; x_wconf 89' lang='lat' dir='ltr'><strong>„honestatom,</strong></span> <span class='ocrx_word' id='word_1_75' title='bbox 483 1573 512 1623; x_wconf 90' lang='lat' dir='ltr'><strong>et</strong></span> <span class='ocrx_word' id='word_1_76' title='bbox 533 1568 715 1623; x_wconf 78' lang='lat' dir='ltr'><strong>satisfaceres</strong></span> <span class='ocrx_word' id='word_1_77' title='bbox 736 1569 854 1622; x_wconf 89' lang='lat' dir='ltr'><strong>caritati.</strong></span> <span class='ocrx_word' id='word_1_78' title='bbox 900 1566 986 1635; x_wconf 86' lang='lat' dir='ltr'><strong>Quid,</strong></span> <span class='ocrx_word' id='word_1_79' title='bbox 1010 1567 1114 1622; x_wconf 88' lang='lat' dir='ltr'><strong>dilecte</strong></span> <span class='ocrx_word' id='word_1_80' title='bbox 1137 1566 1185 1632; x_wconf 86' lang='lat' dir='ltr'><strong>mi,</strong></span> 
     </span>
     <span class='ocr_line' id='line_1_12' title="bbox 232 1657 1189 1748; baseline 0.001 -17"><span class='ocrx_word' id='word_1_81' title='bbox 232 1676 453 1747; x_wconf 79' lang='lat' dir='ltr'><strong>„obstupescisr</strong></span> <span class='ocrx_word' id='word_1_82' title='bbox 487 1679 556 1748; x_wconf 84' lang='lat' dir='ltr'><strong>quid</strong></span> <span class='ocrx_word' id='word_1_83' title='bbox 595 1679 749 1733; x_wconf 72' lang='lat' dir='ltr'><strong>mussitas?</strong></span> <span class='ocrx_word' id='word_1_84' title='bbox 787 1677 855 1746; x_wconf 74' lang='lat' dir='ltr'><strong>quta</strong></span> <span class='ocrx_word' id='word_1_85' title='bbox 896 1657 1047 1732; x_wconf 76' lang='lat' dir='ltr'><strong>ricernam</strong></span> <span class='ocrx_word' id='word_1_86' title='bbox 1087 1677 1189 1732; x_wconf 78' lang='lat' dir='ltr'><strong>nuens</strong></span> 
     </span>
     <span class='ocr_line' id='line_1_13' title="bbox 231 1783 1186 1850; baseline 0 -12"><span class='ocrx_word' id='word_1_87' title='bbox 231 1783 427 1850; x_wconf 67' lang='lat' dir='ltr'><strong>„obfuscaret</strong></span> <span class='ocrx_word' id='word_1_88' title='bbox 464 1785 575 1838; x_wconf 89' lang='lat' dir='ltr'><strong>crimen</strong></span> <span class='ocrx_word' id='word_1_89' title='bbox 604 1789 685 1839; x_wconf 91' lang='lat' dir='ltr'><strong>tuum</strong></span> <span class='ocrx_word' id='word_1_90' title='bbox 709 1783 819 1840; x_wconf 90' lang='lat' dir='ltr'><strong>mundo</strong></span> <span class='ocrx_word' id='word_1_91' title='bbox 843 1784 983 1838; x_wconf 91' lang='lat' dir='ltr'><strong>innotuit:</strong></span> <span class='ocrx_word' id='word_1_92' title='bbox 1022 1798 1125 1839; x_wconf 90' lang='lat' dir='ltr'><strong>omncs</strong></span> <span class='ocrx_word' id='word_1_93' title='bbox 1149 1783 1186 1838; x_wconf 93' lang='lat' dir='ltr'><strong>de</strong></span> 
     </span>
     <span class='ocr_line' id='line_1_14' title="bbox 232 1892 1188 1962; baseline -0.002 -14"><span class='ocrx_word' id='word_1_94' title='bbox 232 1894 290 1960; x_wconf 88' lang='lat' dir='ltr'><strong>„Te</strong></span> <span class='ocrx_word' id='word_1_95' title='bbox 312 1909 399 1948; x_wconf 92' lang='lat' dir='ltr'><strong>unam</strong></span> <span class='ocrx_word' id='word_1_96' title='bbox 422 1894 595 1948; x_wconf 87' lang='lat' dir='ltr'><strong>sententiam</strong></span> <span class='ocrx_word' id='word_1_97' title='bbox 620 1894 730 1949; x_wconf 88' lang='lat' dir='ltr'><strong>lerunt:</strong></span> <span class='ocrx_word' id='word_1_98' title='bbox 765 1897 793 1947; x_wconf 88' lang='lat' dir='ltr'><strong>et</strong></span> <span class='ocrx_word' id='word_1_99' title='bbox 815 1907 853 1947; x_wconf 90' lang='lat' dir='ltr'><strong>ne</strong></span> <span class='ocrx_word' id='word_1_100' title='bbox 876 1893 916 1947; x_wconf 91' lang='lat' dir='ltr'><strong>Te</strong></span> <span class='ocrx_word' id='word_1_101' title='bbox 940 1892 1047 1948; x_wconf 91' lang='lat' dir='ltr'><strong>diutius</strong></span> <span class='ocrx_word' id='word_1_102' title='bbox 1069 1896 1188 1962; x_wconf 90' lang='lat' dir='ltr'><strong>protra-</strong></span> 
     </span>
     <span class='ocr_line' id='line_1_15' title="bbox 230 2003 1187 2075; baseline -0.001 -17"><span class='ocrx_word' id='word_1_103' title='bbox 230 2005 326 2072; x_wconf 89' lang='lat' dir='ltr'><strong>„bam,</strong></span> <span class='ocrx_word' id='word_1_104' title='bbox 351 2005 560 2073; x_wconf 84' lang='lat' dir='ltr'><strong>Evangelicum</strong></span> <span class='ocrx_word' id='word_1_105' title='bbox 584 2005 710 2075; x_wconf 89' lang='lat' dir='ltr'><strong>implesti</strong></span> <span class='ocrx_word' id='word_1_106' title='bbox 734 2006 844 2070; x_wconf 89' lang='lat' dir='ltr'><strong>virum,</strong></span> <span class='ocrx_word' id='word_1_107' title='bbox 874 2018 928 2073; x_wconf 92' lang='lat' dir='ltr'><strong>pro</strong></span> <span class='ocrx_word' id='word_1_108' title='bbox 950 2004 1037 2057; x_wconf 85' lang='lat' dir='ltr'><strong>fratre</strong></span> <span class='ocrx_word' id='word_1_109' title='bbox 1059 2003 1187 2057; x_wconf 91' lang='lat' dir='ltr'><strong>animam</strong></span> 
     </span>
     <span class='ocr_line' id='line_1_16' title="bbox 232 2112 1186 2185; baseline 0 -17"><span class='ocrx_word' id='word_1_110' title='bbox 232 2129 381 2184; x_wconf 80' lang='lat' dir='ltr'><strong>,.ponens,</strong></span> <span class='ocrx_word' id='word_1_111' title='bbox 413 2113 482 2168; x_wconf 91' lang='lat' dir='ltr'><strong>dum</strong></span> <span class='ocrx_word' id='word_1_112' title='bbox 517 2115 557 2168; x_wconf 93' lang='lat' dir='ltr'><strong>Te</strong></span> <span class='ocrx_word' id='word_1_113' title='bbox 595 2130 649 2185; x_wconf 89' lang='lat' dir='ltr'><strong>pro</strong></span> <span class='ocrx_word' id='word_1_114' title='bbox 686 2116 794 2170; x_wconf 87' lang='lat' dir='ltr'><strong>iustitia</strong></span> <span class='ocrx_word' id='word_1_115' title='bbox 822 2114 947 2169; x_wconf 90' lang='lat' dir='ltr'><strong>maluisti</strong></span> <span class='ocrx_word' id='word_1_116' title='bbox 986 2112 1186 2178; x_wconf 88' lang='lat' dir='ltr'><strong>condemnari,</strong></span> 
     </span>
     <span class='ocr_line' id='line_1_17' title="bbox 232 2220 1187 2294; baseline 0.002 -18"><span class='ocrx_word' id='word_1_117' title='bbox 232 2237 338 2291; x_wconf 88' lang='lat' dir='ltr'><strong>„quam</strong></span> <span class='ocrx_word' id='word_1_118' title='bbox 361 2223 465 2287; x_wconf 89' lang='lat' dir='ltr'><strong>alium,</strong></span> <span class='ocrx_word' id='word_1_119' title='bbox 490 2223 538 2278; x_wconf 90' lang='lat' dir='ltr'><strong>cui</strong></span> <span class='ocrx_word' id='word_1_120' title='bbox 560 2225 650 2278; x_wconf 90' lang='lat' dir='ltr'><strong>virtus</strong></span> <span class='ocrx_word' id='word_1_121' title='bbox 671 2223 856 2280; x_wconf 90' lang='lat' dir='ltr'><strong>obedieutiae</strong></span> <span class='ocrx_word' id='word_1_122' title='bbox 878 2221 1041 2294; x_wconf 89' lang='lat' dir='ltr'><strong>reputanda</strong></span> <span class='ocrx_word' id='word_1_123' title='bbox 1062 2220 1187 2278; x_wconf 85' lang='lat' dir='ltr'><strong>videba-</strong></span> 
     </span>
     <span class='ocr_line' id='line_1_18' title="bbox 232 2329 1189 2398; baseline 0.001 -15"><span class='ocrx_word' id='word_1_124' title='bbox 232 2334 313 2396; x_wconf 90' lang='lat' dir='ltr'><strong>,‚tur,</strong></span> <span class='ocrx_word' id='word_1_125' title='bbox 334 2331 365 2384; x_wconf 91' lang='lat' dir='ltr'><strong>in</strong></span> <span class='ocrx_word' id='word_1_126' title='bbox 387 2331 525 2396; x_wconf 90' lang='lat' dir='ltr'><strong>crimine,</strong></span> <span class='ocrx_word' id='word_1_127' title='bbox 549 2331 573 2384; x_wconf 94' lang='lat' dir='ltr'><strong>si</strong></span> <span class='ocrx_word' id='word_1_128' title='bbox 594 2345 697 2385; x_wconf 87' lang='lat' dir='ltr'><strong>verum</strong></span> <span class='ocrx_word' id='word_1_129' title='bbox 721 2332 865 2398; x_wconf 84' lang='lat' dir='ltr'><strong>fateretur,</strong></span> <span class='ocrx_word' id='word_1_130' title='bbox 891 2331 1031 2396; x_wconf 90' lang='lat' dir='ltr'><strong>accusari,</strong></span> <span class='ocrx_word' id='word_1_131' title='bbox 1055 2329 1107 2384; x_wconf 91' lang='lat' dir='ltr'><strong>sed</strong></span> <span class='ocrx_word' id='word_1_132' title='bbox 1131 2343 1189 2384; x_wconf 89' lang='lat' dir='ltr'><strong>nee</strong></span> 
     </span>
     <span class='ocr_line' id='line_1_19' title="bbox 233 2431 1188 2516; baseline 0 -24"><span class='ocrx_word' id='word_1_133' title='bbox 233 2439 300 2503; x_wconf 89' lang='lat' dir='ltr'><strong>„ille</strong></span> <span class='ocrx_word' id='word_1_134' title='bbox 323 2431 365 2513; x_wconf 74' lang='lat' dir='ltr'><strong>(ul</strong></span> <span class='ocrx_word' id='word_1_135' title='bbox 386 2439 472 2508; x_wconf 85' lang='lat' dir='ltr'><strong>vulgo</strong></span> <span class='ocrx_word' id='word_1_136' title='bbox 497 2431 611 2516; x_wconf 78' lang='lat' dir='ltr'><strong>dicitur)</strong></span> <span class='ocrx_word' id='word_1_137' title='bbox 642 2438 730 2493; x_wconf 89' lang='lat' dir='ltr'><strong>fidem</strong></span> <span class='ocrx_word' id='word_1_138' title='bbox 761 2442 789 2492; x_wconf 92' lang='lat' dir='ltr'><strong>et</strong></span> <span class='ocrx_word' id='word_1_139' title='bbox 811 2437 1008 2494; x_wconf 89' lang='lat' dir='ltr'><strong>obedientiam</strong></span> <span class='ocrx_word' id='word_1_140' title='bbox 1031 2455 1120 2494; x_wconf 92' lang='lat' dir='ltr'><strong>ausus</strong></span> <span class='ocrx_word' id='word_1_141' title='bbox 1143 2442 1188 2493; x_wconf 89' lang='lat' dir='ltr'><strong>est</strong></span> 
     </span>
     <span class='ocr_line' id='line_1_20' title="bbox 232 2545 1189 2620; baseline 0.004 -21"><span class='ocrx_word' id='word_1_142' title='bbox 232 2545 398 2616; x_wconf 86' lang='lat' dir='ltr'><strong>,‚profiteri,</strong></span> <span class='ocrx_word' id='word_1_143' title='bbox 421 2560 480 2601; x_wconf 92' lang='lat' dir='ltr'><strong>nec</strong></span> <span class='ocrx_word' id='word_1_144' title='bbox 503 2553 547 2614; x_wconf 87' lang='lat' dir='ltr'><strong>tu,</strong></span> <span class='ocrx_word' id='word_1_145' title='bbox 571 2548 651 2618; x_wconf 89' lang='lat' dir='ltr'><strong>quod</strong></span> <span class='ocrx_word' id='word_1_146' title='bbox 673 2549 835 2618; x_wconf 81' lang='lat' dir='ltr'><strong>gaudenter</strong></span> <span class='ocrx_word' id='word_1_147' title='bbox 858 2549 1036 2620; x_wconf 90' lang='lat' dir='ltr'><strong>amplector,</strong></span> <span class='ocrx_word' id='word_1_148' title='bbox 1071 2548 1189 2604; x_wconf 82' lang='lat' dir='ltr'><strong>diffiteri</strong></span> 
     </span>
     <span class='ocr_line' id='line_1_21' title="bbox 235 2655 941 2726; baseline 0.003 -16"><span class='ocrx_word' id='word_1_149' title='bbox 235 2655 389 2726; x_wconf 82' lang='lat' dir='ltr'><strong>„dignatus</strong></span> <span class='ocrx_word' id='word_1_150' title='bbox 414 2673 446 2713; x_wconf 92' lang='lat' dir='ltr'><strong>es</strong></span> <span class='ocrx_word' id='word_1_151' title='bbox 468 2658 536 2713; x_wconf 89' lang='lat' dir='ltr'><strong>fidei</strong></span> <span class='ocrx_word' id='word_1_152' title='bbox 559 2661 587 2712; x_wconf 89' lang='lat' dir='ltr'><strong>et</strong></span> <span class='ocrx_word' id='word_1_153' title='bbox 609 2659 795 2714; x_wconf 86' lang='lat' dir='ltr'><strong>obedientiae</strong></span> <span class='ocrx_word' id='word_1_154' title='bbox 818 2659 941 2714; x_wconf 89' lang='lat' dir='ltr'><strong>titulum.</strong></span> 
     </span>
    </p>

    <p class='ocr_par' dir='ltr' id='par_1_5' title="bbox 232 2764 1189 4041">
     <span class='ocr_line' id='line_1_22' title="bbox 273 2764 1189 2837; baseline 0.001 -17"><span class='ocrx_word' id='word_1_155' title='bbox 273 2764 390 2832; x_wconf 87' lang='lat' dir='ltr'><strong>„Quum</strong></span> <span class='ocrx_word' id='word_1_156' title='bbox 413 2781 482 2836; x_wconf 81' lang='lat' dir='ltr'><strong>ergo</strong></span> <span class='ocrx_word' id='word_1_157' title='bbox 503 2767 591 2836; x_wconf 81' lang='lat' dir='ltr'><strong>gratis</strong></span> <span class='ocrx_word' id='word_1_158' title='bbox 613 2767 704 2820; x_wconf 90' lang='lat' dir='ltr'><strong>virtus</strong></span> <span class='ocrx_word' id='word_1_159' title='bbox 726 2768 813 2822; x_wconf 86' lang='lat' dir='ltr'><strong>sitin</strong></span> <span class='ocrx_word' id='word_1_160' title='bbox 836 2773 863 2822; x_wconf 89' lang='lat' dir='ltr'><strong>te</strong></span> <span class='ocrx_word' id='word_1_161' title='bbox 887 2767 995 2837; x_wconf 91' lang='lat' dir='ltr'><strong>punita,</strong></span> <span class='ocrx_word' id='word_1_162' title='bbox 1019 2769 1069 2820; x_wconf 89' lang='lat' dir='ltr'><strong>aut</strong></span> <span class='ocrx_word' id='word_1_163' title='bbox 1090 2765 1189 2835; x_wconf 91' lang='lat' dir='ltr'><strong>polius</strong></span> 
     </span>
     <span class='ocr_line' id='line_1_23' title="bbox 234 2873 1188 2946; baseline 0 -18"><span class='ocrx_word' id='word_1_164' title='bbox 234 2873 376 2944; x_wconf 90' lang='lat' dir='ltr'><strong>„probata</strong></span> <span class='ocrx_word' id='word_1_165' title='bbox 398 2891 453 2945; x_wconf 87' lang='lat' dir='ltr'><strong>per</strong></span> <span class='ocrx_word' id='word_1_166' title='bbox 475 2877 625 2943; x_wconf 88' lang='lat' dir='ltr'><strong>homines,</strong></span> <span class='ocrx_word' id='word_1_167' title='bbox 655 2875 799 2946; x_wconf 89' lang='lat' dir='ltr'><strong>numquid</strong></span> <span class='ocrx_word' id='word_1_168' title='bbox 828 2875 949 2946; x_wconf 88' lang='lat' dir='ltr'><strong>perfidia</strong></span> <span class='ocrx_word' id='word_1_169' title='bbox 971 2875 1188 2944; x_wconf 87' lang='lat' dir='ltr'><strong>praevaricato-</strong></span> 
     </span>
     <span class='ocr_line' id='line_1_24' title="bbox 233 2981 1189 3055; baseline 0.001 -18"><span class='ocrx_word' id='word_1_170' title='bbox 233 2998 334 3049; x_wconf 91' lang='lat' dir='ltr'><strong>„rum,</strong></span> <span class='ocrx_word' id='word_1_171' title='bbox 367 2988 396 3038; x_wconf 91' lang='lat' dir='ltr'><strong>et</strong></span> <span class='ocrx_word' id='word_1_172' title='bbox 427 2986 668 3041; x_wconf 86' lang='lat' dir='ltr'><strong>calumniatorum</strong></span> <span class='ocrx_word' id='word_1_173' title='bbox 701 2986 838 3055; x_wconf 88' lang='lat' dir='ltr'><strong>iniquitas</strong></span> <span class='ocrx_word' id='word_1_174' title='bbox 860 2998 921 3038; x_wconf 90' lang='lat' dir='ltr'><strong>non</strong></span> <span class='ocrx_word' id='word_1_175' title='bbox 945 2981 1189 3038; x_wconf 88' lang='lat' dir='ltr'><strong>condemnabitur</strong></span> 
     </span>
     <span class='ocr_line' id='line_1_25' title="bbox 234 3093 1188 3164; baseline 0.001 -17"><span class='ocrx_word' id='word_1_176' title='bbox 234 3094 331 3163; x_wconf 82' lang='lat' dir='ltr'><strong>„apud</strong></span> <span class='ocrx_word' id='word_1_177' title='bbox 357 3096 472 3150; x_wconf 78' lang='lat' dir='ltr'><strong>Deum?</strong></span> <span class='ocrx_word' id='word_1_178' title='bbox 500 3097 580 3150; x_wconf 91' lang='lat' dir='ltr'><strong>Deus</strong></span> <span class='ocrx_word' id='word_1_179' title='bbox 612 3097 682 3151; x_wconf 89' lang='lat' dir='ltr'><strong>mihi</strong></span> <span class='ocrx_word' id='word_1_180' title='bbox 712 3097 793 3151; x_wconf 90' lang='lat' dir='ltr'><strong>testis</strong></span> <span class='ocrx_word' id='word_1_181' title='bbox 827 3099 886 3162; x_wconf 88' lang='lat' dir='ltr'><strong>est,</strong></span> <span class='ocrx_word' id='word_1_182' title='bbox 926 3094 1065 3164; x_wconf 91' lang='lat' dir='ltr'><strong>quoniam</strong></span> <span class='ocrx_word' id='word_1_183' title='bbox 1103 3093 1188 3148; x_wconf 89' lang='lat' dir='ltr'><strong>doleo</strong></span> 
     </span>
     <span class='ocr_line' id='line_1_26' title="bbox 232 3202 1187 3281; baseline 0.002 -25"><span class='ocrx_word' id='word_1_184' title='bbox 232 3202 355 3267; x_wconf 82' lang='lat' dir='ltr'><strong>„Christi</strong></span> <span class='ocrx_word' id='word_1_185' title='bbox 382 3205 458 3274; x_wconf 85' lang='lat' dir='ltr'><strong>regis</strong></span> <span class='ocrx_word' id='word_1_186' title='bbox 490 3205 615 3274; x_wconf 84' lang='lat' dir='ltr'><strong>sigillum</strong></span> <span class='ocrx_word' id='word_1_187' title='bbox 645 3221 721 3281; x_wconf 25' lang='lat' dir='ltr'><strong>esse·</strong></span> <span class='ocrx_word' id='word_1_188' title='bbox 744 3204 933 3261; x_wconf 88' lang='lat' dir='ltr'><strong>subtractum.</strong></span> <span class='ocrx_word' id='word_1_189' title='bbox 993 3203 1050 3259; x_wconf 87' lang='lat' dir='ltr'><strong>Sed</strong></span> <span class='ocrx_word' id='word_1_190' title='bbox 1081 3204 1187 3260; x_wconf 89' lang='lat' dir='ltr'><strong>eodem</strong></span> 
     </span>
     <span class='ocr_line' id='line_1_27' title="bbox 232 3313 1187 3385; baseline 0.001 -17"><span class='ocrx_word' id='word_1_191' title='bbox 232 3313 349 3378; x_wconf 89' lang='lat' dir='ltr'><strong>„iudice</strong></span> <span class='ocrx_word' id='word_1_192' title='bbox 372 3316 476 3382; x_wconf 84' lang='lat' dir='ltr'><strong>fateor,</strong></span> <span class='ocrx_word' id='word_1_193' title='bbox 508 3317 575 3385; x_wconf 89' lang='lat' dir='ltr'><strong>quia</strong></span> <span class='ocrx_word' id='word_1_194' title='bbox 597 3317 674 3372; x_wconf 91' lang='lat' dir='ltr'><strong>malo</strong></span> <span class='ocrx_word' id='word_1_195' title='bbox 696 3320 724 3372; x_wconf 92' lang='lat' dir='ltr'><strong>te</strong></span> <span class='ocrx_word' id='word_1_196' title='bbox 746 3317 777 3370; x_wconf 93' lang='lat' dir='ltr'><strong>in</strong></span> <span class='ocrx_word' id='word_1_197' title='bbox 800 3316 855 3371; x_wconf 89' lang='lat' dir='ltr'><strong>bac</strong></span> <span class='ocrx_word' id='word_1_198' title='bbox 877 3315 1045 3371; x_wconf 88' lang='lat' dir='ltr'><strong>conditione</strong></span> <span class='ocrx_word' id='word_1_199' title='bbox 1068 3315 1187 3380; x_wconf 90' lang='lat' dir='ltr'><strong>versari,</strong></span> 
     </span>
     <span class='ocr_line' id='line_1_28' title="bbox 232 3425 1188 3498; baseline 0 -19"><span class='ocrx_word' id='word_1_200' title='bbox 232 3439 339 3494; x_wconf 90' lang='lat' dir='ltr'><strong>„quam</strong></span> <span class='ocrx_word' id='word_1_201' title='bbox 370 3426 440 3482; x_wconf 89' lang='lat' dir='ltr'><strong>illud</strong></span> <span class='ocrx_word' id='word_1_202' title='bbox 470 3427 590 3498; x_wconf 88' lang='lat' dir='ltr'><strong>perfidia</strong></span> <span class='ocrx_word' id='word_1_203' title='bbox 614 3430 771 3483; x_wconf 88' lang='lat' dir='ltr'><strong>autetiam</strong></span> <span class='ocrx_word' id='word_1_204' title='bbox 794 3441 972 3496; x_wconf 89' lang='lat' dir='ltr'><strong>quacunque</strong></span> <span class='ocrx_word' id='word_1_205' title='bbox 1000 3430 1068 3480; x_wconf 82' lang='lat' dir='ltr'><strong>nota</strong></span> <span class='ocrx_word' id='word_1_206' title='bbox 1093 3425 1188 3495; x_wconf 88' lang='lat' dir='ltr'><strong>turpi-</strong></span> 
     </span>
     <span class='ocr_line' id='line_1_29' title="bbox 232 3532 1187 3605; baseline 0.002 -19"><span class='ocrx_word' id='word_1_207' title='bbox 232 3532 361 3599; x_wconf 89' lang='lat' dir='ltr'><strong>„tudinis</strong></span> <span class='ocrx_word' id='word_1_208' title='bbox 389 3533 560 3589; x_wconf 89' lang='lat' dir='ltr'><strong>redemisse.</strong></span> <span class='ocrx_word' id='word_1_209' title='bbox 611 3535 652 3589; x_wconf 92' lang='lat' dir='ltr'><strong>Sit</strong></span> <span class='ocrx_word' id='word_1_210' title='bbox 680 3551 749 3605; x_wconf 82' lang='lat' dir='ltr'><strong>ergo</strong></span> <span class='ocrx_word' id='word_1_211' title='bbox 780 3549 877 3599; x_wconf 88' lang='lat' dir='ltr'><strong>nuuc,</strong></span> <span class='ocrx_word' id='word_1_212' title='bbox 910 3537 1002 3590; x_wconf 88' lang='lat' dir='ltr'><strong>amice</strong></span> <span class='ocrx_word' id='word_1_213' title='bbox 1038 3535 1105 3600; x_wconf 85' lang='lat' dir='ltr'><strong>Dei,</strong></span> <span class='ocrx_word' id='word_1_214' title='bbox 1136 3535 1187 3604; x_wconf 91' lang='lat' dir='ltr'><strong>qui</strong></span> 
     </span>
     <span class='ocr_line' id='line_1_30' title="bbox 232 3643 1188 3715; baseline 0.001 -17"><span class='ocrx_word' id='word_1_215' title='bbox 232 3658 336 3710; x_wconf 85' lang='lat' dir='ltr'><strong>„meus</strong></span> <span class='ocrx_word' id='word_1_216' title='bbox 351 3661 366 3698; x_wconf 89' lang='lat' dir='ltr'><strong>a</strong></span> <span class='ocrx_word' id='word_1_217' title='bbox 383 3645 479 3700; x_wconf 92' lang='lat' dir='ltr'><strong>multis</strong></span> <span class='ocrx_word' id='word_1_218' title='bbox 503 3643 607 3701; x_wconf 89' lang='lat' dir='ltr'><strong>diebus</strong></span> <span class='ocrx_word' id='word_1_219' title='bbox 622 3646 706 3714; x_wconf 86' lang='lat' dir='ltr'><strong>fuisti,</strong></span> <span class='ocrx_word' id='word_1_220' title='bbox 733 3646 891 3701; x_wconf 91' lang='lat' dir='ltr'><strong>consolatio</strong></span> <span class='ocrx_word' id='word_1_221' title='bbox 915 3650 972 3712; x_wconf 87' lang='lat' dir='ltr'><strong>tua,</strong></span> <span class='ocrx_word' id='word_1_222' title='bbox 997 3660 1072 3715; x_wconf 88' lang='lat' dir='ltr'><strong>quae</strong></span> <span class='ocrx_word' id='word_1_223' title='bbox 1089 3659 1135 3699; x_wconf 90' lang='lat' dir='ltr'><strong>me</strong></span> <span class='ocrx_word' id='word_1_224' title='bbox 1159 3648 1188 3699; x_wconf 92' lang='lat' dir='ltr'><strong>et</strong></span> 
     </span>
     <span class='ocr_line' id='line_1_31' title="bbox 233 3751 1187 3817; baseline 0.004 -13"><span class='ocrx_word' id='word_1_225' title='bbox 233 3751 322 3816; x_wconf 91' lang='lat' dir='ltr'><strong>„mibi</strong></span> <span class='ocrx_word' id='word_1_226' title='bbox 351 3753 567 3808; x_wconf 75' lang='lat' dir='ltr'><strong>coenulentium</strong></span> <span class='ocrx_word' id='word_1_227' title='bbox 595 3757 652 3817; x_wconf 89' lang='lat' dir='ltr'><strong>est,</strong></span> <span class='ocrx_word' id='word_1_228' title='bbox 684 3754 850 3808; x_wconf 90' lang='lat' dir='ltr'><strong>innocentis</strong></span> <span class='ocrx_word' id='word_1_229' title='bbox 877 3754 1075 3808; x_wconf 86' lang='lat' dir='ltr'><strong>conscientiae</strong></span> <span class='ocrx_word' id='word_1_230' title='bbox 1105 3755 1187 3809; x_wconf 90' lang='lat' dir='ltr'><strong>testi-</strong></span> 
     </span>
     <span class='ocr_line' id='line_1_32' title="bbox 233 3861 1187 3933; baseline 0.005 -19"><span class='ocrx_word' id='word_1_231' title='bbox 233 3863 391 3928; x_wconf 76' lang='lat' dir='ltr'><strong>„monium</strong></span> <span class='ocrx_word' id='word_1_232' title='bbox 416 3879 474 3932; x_wconf 89' lang='lat' dir='ltr'><strong>qua</strong></span> <span class='ocrx_word' id='word_1_233' title='bbox 495 3863 566 3918; x_wconf 90' lang='lat' dir='ltr'><strong>nihil</strong></span> <span class='ocrx_word' id='word_1_234' title='bbox 589 3864 620 3917; x_wconf 92' lang='lat' dir='ltr'><strong>in</strong></span> <span class='ocrx_word' id='word_1_235' title='bbox 643 3865 699 3918; x_wconf 91' lang='lat' dir='ltr'><strong>vita</strong></span> <span class='ocrx_word' id='word_1_236' title='bbox 722 3867 817 3933; x_wconf 88' lang='lat' dir='ltr'><strong>polest</strong></span> <span class='ocrx_word' id='word_1_237' title='bbox 839 3877 906 3918; x_wconf 87' lang='lat' dir='ltr'><strong>esso</strong></span> <span class='ocrx_word' id='word_1_238' title='bbox 928 3861 1094 3919; x_wconf 89' lang='lat' dir='ltr'><strong>iucundius.</strong></span> <span class='ocrx_word' id='word_1_239' title='bbox 1139 3863 1187 3919; x_wconf 84' lang='lat' dir='ltr'><strong>si-</strong></span> 
     </span>
     <span class='ocr_line' id='line_1_33' title="bbox 234 3972 442 4041; baseline 0.005 -14"><span class='ocrx_word' id='word_1_240' title='bbox 234 3972 372 4041; x_wconf 89' lang='lat' dir='ltr'><strong>„quidem</strong></span> <span class='ocrx_word' id='word_1_241' title='bbox 395 3973 442 4028; x_wconf 92' lang='lat' dir='ltr'><strong>illa</strong></span> 
     </span>
    </p>

    <p class='ocr_par' dir='ltr' id='par_1_6' title="bbox 233 4081 1183 4266">
     <span class='ocr_line' id='line_1_34' title="bbox 340 4081 974 4150; baseline 0.002 -13"><span class='ocrx_word' id='word_1_242' title='bbox 340 4112 379 4123; x_wconf 97' lang='lat'>-</span> <span class='ocrx_word' id='word_1_243' title='bbox 403 4081 518 4150; x_wconf 88' lang='lat' dir='ltr'><strong>„iudice</strong></span> <span class='ocrx_word' id='word_1_244' title='bbox 541 4098 628 4138; x_wconf 93' lang='lat' dir='ltr'><strong>nemo</strong></span> <span class='ocrx_word' id='word_1_245' title='bbox 652 4097 764 4140; x_wconf 90' lang='lat' dir='ltr'><strong>nocens</strong></span> <span class='ocrx_word' id='word_1_246' title='bbox 786 4084 974 4150; x_wconf 84' lang='lat' dir='ltr'><strong>absolvitur,“</strong></span> 
     </span>
     <span class='ocr_line' id='line_1_35' title="bbox 233 4193 1183 4266; baseline 0.002 -18"><span class='ocrx_word' id='word_1_247' title='bbox 233 4209 328 4264; x_wconf 89' lang='lat' dir='ltr'><strong>„quae</strong></span> <span class='ocrx_word' id='word_1_248' title='bbox 351 4199 380 4248; x_wconf 88' lang='lat' dir='ltr'><strong>et</strong></span> <span class='ocrx_word' id='word_1_249' title='bbox 401 4209 532 4249; x_wconf 89' lang='lat' dir='ltr'><strong>vermem</strong></span> <span class='ocrx_word' id='word_1_250' title='bbox 548 4194 738 4250; x_wconf 90' lang='lat' dir='ltr'><strong>immortalem</strong></span> <span class='ocrx_word' id='word_1_251' title='bbox 763 4199 792 4249; x_wconf 86' lang='lat' dir='ltr'><strong>et</strong></span> <span class='ocrx_word' id='word_1_252' title='bbox 814 4196 911 4264; x_wconf 84' lang='lat' dir='ltr'><strong>ignem</strong></span> <span class='ocrx_word' id='word_1_253' title='bbox 934 4193 1183 4266; x_wconf 77' lang='lat' dir='ltr'><strong>inextinguibilem</strong></span> 
     </span>
    </p>
   </div>
   <div class='ocr_carea' id='block_1_5' title="bbox 0 0 1410 4882">
    <p class='ocr_par' dir='ltr' id='par_1_7' title="bbox 0 0 1410 4882">
     <span class='ocr_line' id='line_1_36' title="bbox 0 0 1410 4882; baseline 0 0"><span class='ocrx_word' id='word_1_254' title='bbox 0 0 1410 4882; x_wconf 95' lang='lat' dir='ltr'><strong> </strong></span> 
     </span>
    </p>
   </div>
  </div>
 </body>
</html>
