2810 4882
611 388 632 460 5

67 595 170 674 sarii,
197 616 267 664 non
295 615 588 688 supervacaneam
614 593 700 664 duxi
727 613 807 664 esse
833 613 993 685 operam,
1022 594 1170 686 primum

67 723 328 803 demonstrare,
376 744 446 793 non
494 723 602 794 luisse
645 721 928 812 Magalonensem
965 721 1173 814 Episcopum

16 939 17 943 Ἰ
67 849 289 923 Guattherum
315 849 592 921 Alexandreidos
626 857 764 942 poetam
799 857 834 918 et
867 847 1006 919 deinde
1030 847 1172 950 demum

66 976 173 1045 vitam
211 977 286 1046 eius
321 985 488 1068 quantum
524 973 665 1066 quidem
711 974 767 1044 ld'
792 972 917 1044 licebat
951 971 1169 1044 adumbrare.¹

65 1101 159 1172 Haec
185 1101 286 1191 igitur
313 1121 389 1172 mea
416 1103 555 1174 fuerunt
579 1110 614 1170 et
640 1109 739 1184 sunt3
780 1120 894 1190 neque
931 1100 965 1168 in
1002 1101 1054 1170 eis
1081 1101 1171 1190 quae

65 1228 112 1300 de
137 1227 395 1300 Alexandreide
422 1229 494 1321 ipsa
523 1229 590 1298 alio
617 1229 695 1298 loco
721 1237 756 1298 et
791 1237 948 1320 tempore
983 1229 1165 1320 proferam,

65 1377 134 1446 quo
162 1365 317 1447 tempore
338 1355 464 1447 scripta
484 1355 529 1426 sit
548 1364 612 1426 etc.
643 1355 799 1446 plagiarii
825 1357 942 1424 notam
958 1375 1168 1445 quemquam

65 1477 150 1550 mihi
180 1481 420 1573 impositurum
442 1478 590 1550 confido
643 1480 712 1550 Sed
747 1480 994 1551 Giesebrechtii
1031 1481 1065 1548 in
1093 1501 1170 1550 mea

64 1605 309 1676 dissertatione
345 1613 424 1675 sunt
450 1606 564 1676 omnia
591 1625 680 1697 quae
707 1606 752 1676 de
785 1607 997 1676 carminibus
1033 1606 1170 1676 minori·

64 1731 131 1802 bus
159 1728 333 1801 Gualtheri
357 1729 550 1822 disputavi3
589 1732 612 1800 ii
640 1732 732 1801 enim
759 1732 886 1822 quibus
914 1731 970 1800 ille
999 1755 1082 1801 usus
1105 1741 1169 1811 est,

65 1860 180 1928 fontes
206 1867 307 1928 antea
353 1855 437 1926 mihi
471 1879 541 1926 non
574 1858 811 1942 innotuerant;
863 1879 909 1928 ex
936 1859 1071 1935 Oudinn
1097 1870 1171 1930 tan-

64 2004 137 2063 tum
164 2005 422 2078 compereram,
452 1985 590 2056 Parisiis
616 1987 791 2056 asservari
817 1963 985 2057 Codioem¹
1005 1987 1167 2077 aliquem,

65 2106 100 2180 in
126 2131 196 2202 quo
223 2118 401 2180 exstarent
426 2109 598 2202 Opuscula
634 2108 824 2203 rhythmica
850 2109 1042 2190 Guattheri‚
1084 2133 1169 2202 quo·
1278 2093 1280 2098 ¹

63 2257 140 2306 rum
178 2244 293 2304 tamen
330 2253 490 2324 magnam
528 2244 659 2327 partem
694 2235 751 2303 alii
787 2233 1030 2306 adscriberent
1069 2235 1171 2304 Gual·

66 2361 168 2432 thero
203 2361 314 2454 ltlapo.
381 2360 485 2430 Cuius
520 2361 710 2430 carminum
751 2361 974 2430 novissimam
1014 2358 1169 2450 Wrightii

67 2491 256 2563 editionem
282 2489 489 2582 inspiciens,
528 2512 605 2560 cum
633 2489 810 2568 viderem,
844 2499 991 2578 quatuor
1018 2491 1169 2560 earmina

66 2638 159 2710 quae
185 2616 415 2708 adscripscrat
437 2614 594 2686 Oudinus
618 2625 737 2685 nostro
760 2613 963 2694 Guatthero,
991 2635 1011 2683 a
1038 2614 1172 2705 Wrigh-

67 2745 115 2814 tio
143 2741 209 2813 sub
235 2739 408 2812 Gualtheri
435 2741 526 2835 Mapi
549 2741 689 2811 nomine
726 2740 817 2810 edita
845 2763 940 2826 esse,
968 2743 1068 2812 facile
1098 2765 1171 2812 mo-

68 2869 199 2947 vebar,
251 2877 286 2936 ut
317 2868 447 2958 reliqua
475 2867 578 2936 etiam
611 2889 676 2936 sex
713 2866 793 2938 huic
817 2868 1055 2938 adscriberem
1091 2879 1171 2938 eta

66 2994 236 3086 Wrightio
263 2995 391 3065 omissa
418 3003 548 3062 tantum
576 3005 742 3086 putarem.
796 2993 883 3063 Nihil
914 2995 1005 3064 enim
1032 2994 1171 3064 aliunde

67 3120 152 3192 mihi
179 3122 222 3192 de
249 3121 291 3191 iis
317 3119 507 3198 constabat,
536 3118 638 3189 etde
666 3128 761 3211 parte
787 3121 841 3189 vel
872 3143 961 3191 nunc
991 3143 1060 3190 non
1087 3143 1170 3192 con-

68 3258 154 3328 stat,
188 3271 266 3318 eum
298 3246 486 3317 editionem
513 3245 635 3315 horum
662 3248 869 3328 carminum,
909 3270 1012 3340 quam
1039 3221 1172 3320 curavit

67 3374 273 3447 Eddlcstuad
307 3379 350 3445 du
383 3375 481 3445 Me'rr't
531 3376 774 3466 Franoogallus
827 3377 864 3444 V.
902 3377 941 3444 D.
986 3377 1021 3446 in
1067 3401 1168 3448 usum

68 3523 184 3572 meum
212 3509 348 3571 vertere
376 3523 444 3570 non
473 3502 653 3593 potuerim.
716 3501 820 3592 lgitur
842 3524 931 3594 quae
957 3503 1003 3574 de
1028 3515 1170 3574 auctore

67 3629 190 3699 horum
218 3628 428 3707 carminum,
456 3627 501 3697 de
528 3626 726 3720 archipoeta
753 3629 979 3720 Gottingensi
1008 3630 1053 3700 do
1080 3631 1170 3698 Wal-

68 3752 167 3823 thero
190 3753 347 3832 Ruran0,
375 3752 420 3822 de
447 3753 565 3833 Golia,
593 3753 740 3822 Primate
768 3764 833 3823 ete.
862 3775 881 3822 a
910 3777 964 3823 me
992 3755 1170 3846 proferen-

69 3891 147 3962 tur,
176 3902 217 3951 ea
240 3880 354 3950 omnia
381 3878 639 3950 Giesebreobtio
662 3878 795 3959 debeo,
822 3879 913 3969 quod
942 3879 1169 3951 libentissime

69 4009 202 4092 lateor3
251 4030 365 4099 neque
404 4009 497 4079 enim
539 4029 723 4101 possumus
760 4008 875 4077 omnia
916 4028 1047 4077 omnes.
1119 4007 1170 4078 Ne

69 4143 184 4206 tamen
225 4134 340 4204 oleum
372 4144 405 4204 et
442 4154 582 4227 operam
621 4134 763 4228 perdam
791 4144 825 4204 et
849 4135 905 4204 vel
933 4133 1084 4204 maxime
1110 4155 1170 4202 an-
