2810 4882
621 383 667 454 13

88 591 202 648 sedisse
225 590 262 647 ab
286 605 365 646 4444
392 593 610 650 itui-tlte
635 605 722 662 supra
746 591 976 646 demonstratum
1000 596 1051 646 esi.
1095 591 1192 647 Series

87 705 187 755 autem
212 701 382 772 praesulum
403 702 654 770 magalonensium
677 706 744 772 post
766 701 955 756 Guallherum
978 702 1052 756 haec
1074 706 1118 757 est
1140 696 1190 777 ²¹),

174 811 349 866 Gualtherus
375 812 503 866 1404-
516 813 606 868 4129.

173 920 354 976 liaimundus
376 922 396 975 l.
424 923 556 976 4129-
570 922 660 974 1466.

173 1031 322 1085 iohannes
344 1031 375 1085 44.
401 1028 438 1084 de
461 1029 686 1085 Monte-Lauro
714 1030 930 1082 1466-4496.

174 1139 337 1196 Guilelmus
360 1141 379 1194 1.
407 1141 486 1194 4499
500 1167 538 1180 -
553 1141 643 1194 4496.

173 1249 335 1306 Guilelmus
356 1251 388 1305 ll.
415 1251 546 1303 4496-
559 1251 660 1305 ⁴202.-

142 1371 145 1376 ’
171 1360 333 1416 Guilelmus
354 1361 398 1416 lll.
426 1361 659 1417 42442-’4246

170 1471 365 1526 6444444444.

172 1581 322 1636 lohannes
343 1582 388 1636 441.

170 1691 333 1761 Rayncrius
356 1692 376 1760 †
402 1694 491 1749 4218.

170 1802 273 1857 Petrus
295 1801 331 1856 de
354 1802 492 1872 Conques
515 1807 570 1858 etc.
592 1831 632 1842 -

149 1911 261 1966 Diserte
277 1912 409 1968 Valerius
432 1912 564 1968 Andreas
580 1905 620 1988 22)
643 1916 672 1968 44
686 1927 753 1968 cum
777 1927 813 1966 eo
829 1911 988 1968 Sweerlius
1003 1904 1043 1988 2³)
1064 1911 1188 1982 Episco-

82 2037 155 2093 pum
170 2023 415 2092 Magalouenscm
440 2029 589 2078 auctorem
614 2024 804 2094 expositionis
825 2024 856 2076 in
872 2022 1040 2092 psalterium
1063 2027 1092 2078 et
1115 2037 1187 2078 nos-

82 2137 160 2185 trum
195 2137 310 2200 poetam
333 2145 426 2186 uuum
457 2112 645 2200 eundemque
675 2132 766 2186 luisse
797 2131 997 2197 contendunt,
1030 2131 1184 2188 llorentem

82 2255 163 2294 anno
182 2241 280 2308 4266;
304 2238 384 2310 quod
400 2239 482 2294 nullo
496 2243 581 2310 pacto
598 2239 660 2294 fieri
675 2242 815 2310 potuisse,
839 2241 932 2297 series
947 2242 994 2298 illa
1016 2243 1185 2314 praesulum

82 2349 334 2419 Magaloncnsium
358 2363 446 2418 quam
470 2349 558 2414 attuli,
584 2349 652 2403 salis
675 2363 824 2420 superque
848 2349 942 2406 dccet.

169 2460 248 2514 Lieci
270 2457 476 2514 absurdissima
501 2461 558 2514 sint
580 2459 712 2514 omnium
735 2474 811 2529 quae
840 2458 941 2514 scribit
961 2461 1106 2531 Leyserus
1131 2453 1181 2536 ²⁴),

82 2575 181 2624 tamen
213 2571 334 2639 propter
363 2567 440 2623 44444
473 2569 565 2638 ipsam
594 2567 803 2624 absurditatem
836 2567 925 2638 digna
954 2570 1070 2636 censui,
1095 2583 1184 2639 ¹quae

80 2676 281 2734 adscriberem
305 2679 419 2732 omnia:

233 2787 316 2851 „Fuit
349 2785 512 2857 Episcopus
539 2787 767 2856 llagalonensis‚
799 2785 945 2857 siquidem
972 2786 1093 2842 Walteri
1130 2787 1181 2850 illi,

234 2909 329 2964 „quos
358 2895 502 2950 Henricus
531 2897 660 2952 Gandav.
689 2898 756 2968 Cap.
788 2897 858 2953 XIX.
890 2903 919 2952 et
949 2895 1006 2954 XX.
1036 2903 1183 2965 recenset

231 3001 339 3068 „iidem
368 3004 489 3070 luerint,
522 3008 553 3059 ut
581 3009 663 3075 putat
682 3005 741 3060 Val.
771 3004 914 3062 Andreas.
966 3007 1074 3062 claruit
1102 3021 1182 3064 anno

232 3113 345 3177 ,,4265.
379 3111 460 3184 Opus
483 3113 520 3170 de
543 3114 638 3170 Gestis
660 3113 817 3170 Alexandri
839 3117 1020 3187 nuncupavit
1035 3116 1181 3173 Guilelmo

230 3221 270 3286 „1.
301 3222 460 3278 lihcmensi
493 3222 628 3294 Archiep.
661 3226 712 3294 qui
755 3225 866 3280 electus
893 3229 938 3281 est
973 3240 1052 3282 anno
1089 3229 1178 3294 41744,

227 3331 377 3403 „obiitque
406 3349 485 3389 anno
504 3334 704 3391 42026444.
737 3336 878 3391 Daumius
909 3337 939 3391 44
968 3337 1022 3408 Ep.
1062 3339 1111 3393 89.
1141 3337 1178 3393 441

230 3441 523 3508 ,,11444444444,444444,
556 3441 692 3499 Codicem
724 3459 811 3500 suum
834 3443 1054 3502 Gualteriauum
1084 3447 1181 3518 scrip-

78 3652 311 3662 ---————-

75 3802 120 3862 24)
164 3801 196 3852 44.
216 3801 300 3852 Gariel
321 3802 336 3852 Ι.
355 3803 372 3854 4.
394 3829 422 3840 -
445 3805 509 3855 Gall.
528 3804 587 3855 Ch'r.
608 3806 623 3856 l.
643 3807 658 3854 l.

74 3922 119 3984 22)
163 3924 324 3976 Bibliotheca
343 3924 455 3989 Belgica.
475 3926 584 3977 Lovanii
605 3926 680 3978 1643.
700 3941 726 3992 p.
745 3927 796 3979 687
816 3941 878 3994 sqq.

75 4045 121 4106 23)
162 4046 219 4096 4414.
239 4045 309 4110 Belg.
328 4048 344 4097 4,
363 4049 378 4098 Ι.

75 4166 120 4228 41)
160 4169 274 4220 Historia
294 4174 376 4234 poelt.
396 4174 422 4220 et
439 4175 565 4235 poemati.
585 4171 653 4222 med.
673 4172 739 4222 aevi.
759 4172 840 4222 llulae
862 4171 935 4224 1121.
955 4185 980 4236 p.
998 4171 1059 4224 614.
