2810 4882
736 389 798 462 ‚ll

377 603 457 664 „lum
480 597 569 652 luisse
592 609 668 650 anno
696 597 785 652 ⁴208.
843 594 981 665 Aequalis
1004 598 1056 652 luit
1078 597 1140 652 lolr.
1165 593 1331 650 Sarisberi-

377 707 475 772 „ensis
498 698 548 774 ²⁵),
572 709 604 760 ut
625 704 687 758 elus
711 702 746 756 ad
770 703 850 758 illum
874 705 994 774 epistola
1018 708 1140 762 testatur
1163 699 1234 779 ²⁶).“

225 817 302 872 llaec
325 817 398 871 alius
420 814 573 882 intelligat:
599 813 669 867 mihi
691 827 752 865 non
775 811 897 882 liquent.
943 812 1126 882 Quamquam
1150 816 1233 870 tacite
1258 829 1328 869 oum

225 924 351 993 Leysero
375 921 471 976 faeere
494 920 609 976 videtur
627 908 790 980 ¹'Bandinius
813 914 863 996 27),
886 923 936 990 qui
960 922 1098 978 claruisse
1122 924 1161 977 ait
1185 923 1329 978 Gualtlre-

225 1049 289 1089 rurn
312 1033 405 1102 Episc.
429 1033 570 1102 Megalen.
596 1047 675 1088 anno
699 1034 813 1088 circiter
839 1035 929 1099 4250,
954 1039 983 1088 et
1003 1032 1219 1089 Alexandreida
1242 1047 1327 1088 suam
1394 1103 1395 1106 Ἴ

226 1143 338 1197 dieasse
362 1141 507 1197 Guilelmo
531 1142 550 1195 l.
573 1141 730 1196 Rhemensi
748 1140 977 1214 Archiepiseopo
1002 1173 1040 1184 —
1064 1159 1242 1213 quamquam
1266 1157 1327 1197 non

227 1249 387 1320 additque
412 1255 542 1319 tempore
565 1249 728 1306 Guilelmus
750 1251 860 1306 vixerit.
909 1250 967 1306 Sed
986 1251 1104 1306 ridetur
1124 1253 1162 1306 lta
1185 1250 1241 1306 sibi
1264 1265 1328 1304 rem
1394 1231 1395 1306 i

226 1360 414 1425 informasse,
444 1364 494 1425 ut,
531 1359 609 1429 quod
639 1360 745 1416 lactum
768 1375 837 1416 esse·
857 1365 984 1426 constat,
1017 1361 1193 1418 Gualtlaerus
1221 1375 1327 1431 poema
1394 1359 1395 1372 ³

226 1486 312 1541 suum
343 1470 486 1538 Guilelmo
527 1457 706 1526 dedicaverit
735 1469 854 1540 quidem
884 1469 936 1526 sed
958 1484 1019 1525 non
1042 1472 1125 1536 vivo,
1157 1472 1246 1526 immo
1265 1471 1327 1539 jam

227 1580 336 1636 dudum
373 1583 504 1646 mortuo;
537 1577 645 1633 obiisse
677 1580 755 1632 enim
779 1579 954 1635 Guilelmum
986 1595 1064 1636 anno
1091 1582 1169 1639 lati
1201 1584 1327 1633 constat.

227 1693 379 1761 Ignorasse
410 1705 480 1744 vero
510 1681 682 1744 Bandinium
714 1687 848 1744 Guilelmi
889 1693 1013 1756 aetatem
1054 1695 1082 1744 et
1119 1703 1228 1744 annum
1266 1703 1326 1757 quo

227 1809 360 1858 morluus
382 1803 431 1867 sit,
461 1803 509 1856 vix
532 1799 715 1856 crediderim.
768 1798 870 1854 'lacuit
897 1798 1018 1854 fortasse
1041 1799 1078 1854 de
1102 1800 1157 1854 hac
1179 1815 1211 1854 re
1233 1814 1327 1869 prop-

227 1917 306 1967 terea
329 1910 522 1975 solummodo,
546 1925 584 1964 ne
606 1911 641 1966 iis
663 1925 739 1978 quae
762 1909 876 1964 dixerat
897 1879 1026 1964 ante'de
1050 1907 1199 1962 Gualtlreri
1222 1910 1326 1971 aetate,

228 2026 397 2090 repugnare¹
419 2019 524 2072 ilerum
554 2017 710 2090 videretur.
736 2049 774 2073 .-

295 2130 328 2184 In
345 2133 513 2182 transcursu
530 2129 586 2182 iam
602 2129 747 2202 attulimus
763 2129 824 2182 loca
842 2126 986 2196 quaedam
1004 2124 1214 2180 nonnullorum
1231 2126 1327 2194 scrip-

228 2243 336 2302 torum,
368 2238 397 2292 in
421 2235 529 2304 quibus
552 2236 587 2292 lis
609 2240 665 2302 est,
690 2241 787 2314 utrum
810 2251 888 2306 uuus
909 2237 1021 2290 tantum
1044 2235 1129 2290 luerit
1151 2234 1327 2290 Gualllrerus

229 2349 332 2405 lnsulis
355 2347 506 2414 oriundus,
529 2361 566 2402 an
590 2346 657 2413 duo,
682 2346 787 2402 eodem
804 2353 934 2416 ternpore
949 2347 1089 2410 viventes
1113 2359 1238 2413 quorum
1255 2347 1327 2400 alter

229 2463 330 2515 auctor
350 2461 412 2516 sive
435 2457 528 2514 editor
555 2459 595 2514 sit¹
618 2457 683 2514 libri
705 2459 754 2526 qui
777 2456 880 2512 dicitur
906 2454 1005 2510 Flores
1028 2454 1221 2519 Psalmorum‚
1259 2456 1330 2508 alter

230 2573 330 2624 auctor
345 2567 583 2632 Alexandreidos,
600 2583 656 2635 qua
673 2566 752 2620 dere
768 2567 824 2618 iam
839 2579 931 2634 pauca
948 2563 1034 2620 nobis
1050 2563 1174 2620 dicenda
1191 2564 1328 2620 erunt.—

315 2677 505 2746 Asprianum
531 2675 648 2744 quidem
671 2675 811 2728 Henricus
836 2673 1038 2730 (landavensis
1062 2667 1102 2749 28)
1129 2673 1204 2728 duos
1227 2688 1330 2728 secer-

230 2789 272 2844 nit
292 2786 527 2850 liuius-nominis
551 2783 736 2848 Gualtheros,
766 2782 923 2853 utru'mque
945 2783 1051 2838 lnsulis
1073 2781 1239 2838 oriundum.
1288 2784 1330 2838 De

230 2896 324 2966 primo
347 2894 388 2948 nil
411 2893 479 2950 dicit
498 2893 554 2948 nisi
575 2893 681 2967 insulis
709 2891 866 2948 oriundum
888 2894 1064 2964 Episcopum
1088 2893 1176 2948 luisse
1198 2893 1329 2961 Magalo-

229 3019 353 3060 nensem
380 3008 411 3058 et
445 3002 680 3072 adpetitionem
712 3004 870 3074 praepositi
907 3008 936 3058 et
966 3004 1139 3059 elericorum
1167 3003 1329 3057 lnsulensis

229 3113 377 3180 Ecclesiae
398 3113 495 3166 limato
524 3124 661 3166 sermone
692 3111 860 3180 psalterium
889 3112 1067 3184 exposuisse.
1106 3111 1233 3180 Tempus
1259 3126 1330 3166 vero

155 3257 157 3262 ,
230 3239 289 3293 quo
310 3222 414 3276 vixerit
441 3201 501 3274 nou
520 3217 707 3287 'additysed
731 3235 765 3274 ea
788 3235 825 3274 ex
851 3235 907 3290 re„
928 3219 1006 3288 quod
1031 3219 1110 3272 hune
1139 3222 1206 3274 ante
1237 3220 1327 3283 illum,

231 3347 321 3403 quem
344 3330 479 3384 dictum
502 3327 544 3382 de
569 3327 796 3382 castellione
819 3327 958 3397 appellat,
980 3331 1139 3398 recenset,
1171 3327 1199 3382 id
1234 3329 1327 3398 colligi

230 3457 318 3514 posse
340 3439 463 3504 videtur,
487 3437 580 3498 etiam,
596 3439 689 3492 aetate
712 3436 916 3506 praecessisse.
960 3436 1021 3514 Etsi
1042 3440 1163 3504 constal,
1189 3436 1331 3493 Gualtlre-

233 3569 296 3610 rum
326 3552 406 3607 illum
428 3550 523 3620 Episo.
547 3547 688 3617 llagalon.
719 3539 820 3622 (unum
850 3561 921 3602 vero
950 3551 1062 3602 tantum
1086 3547 1173 3604 huius
1202 3549 1329 3603 numinis

232 3830 276 3891 25)
319 3828 371 3888 Qui
387 3831 507 3877 mortuus
527 3828 567 3874 est
585 3837 608 3874 a.
632 3821 706 3876 1162.

232 3948 277 4010 26)
318 3946 421 4024 Scripta
440 3958 510 3996 anno
531 3943 606 3996 1166.
625 3943 658 3994 ci.
677 3941 752 3992 inira.
850 3954 856 3964 ¹

233 4067 279 4125 aa)
322 4067 388 4118 aaut.
412 4038 684 4131 cooporaaaurent'.
713 4065 822 4113 liorem.
851 4061 925 4114 raoa.
950 4063 978 4113 rr.
1006 4063 1065 4114 su.
1093 4061 1157 4114 coa.
1186 4060 1241 4112 raa.

234 4189 277 4252 28)
323 4188 394 4254 apud
414 4187 551 4241 Fabrici.
573 4189 588 4236 l.
610 4201 634 4250 p.
654 4185 712 4237 121.
