2810 4882
620 378 643 447 9

83 588 141 644 Sed
164 593 243 644 errat
264 587 294 642 V.
318 588 350 642 D.
375 585 563 644 Gualtberum
587 586 683 651 illum,
713 601 802 656 quem
830 587 871 641 ait
894 600 973 642 anno
999 589 1079 642 4443
1103 601 1185 641 mor-

81 704 144 756 tem
163 697 285 764 obiisse,
317 713 376 754 non
404 713 493 769 posse
522 697 650 754 eundem
682 713 748 754 4334
776 702 863 768 atque
893 701 1026 754 nostrum
1057 702 1182 768 poetam,

82 809 325 878 energumenus,
349 823 425 878 quae
448 808 521 864 44444
544 808 671 872 afferam,
697 808 884 878 perspicuum
908 787 987 862 erit.¹
1015 805 1090 860 Vixit
1111 820 1183 861 sane

81 921 158 976 44444
181 920 227 975 4444
250 925 382 991 tempora
405 920 581 977 Gueltberus
611 918 729 989 quidam
751 919 845 989 Episc.
869 918 1097 987 magalonensis,
1128 914 1180 971 sed

80 1028 106 1081 is
133 1028 191 1082 iam
221 1031 287 1082 aute
316 1041 449 1084 mensem
479 1027 640 1097 Augustum
670 1028 740 1082 anni
772 1029 852 1084 4444
885 1029 1017 1082 mortuus
1049 1027 1111 1086 est;
1147 1039 1182 1079 44

81 1137 160 1192 enim
184 1140 316 1206 tempore
337 1134 519 1192 llaimundus
540 1137 560 1191 l.
583 1149 738 1192 successor
759 1135 817 1190 iam
840 1138 956 1190 creatus
979 1137 1040 1188 erat
1062 1127 1098 1202 ⁷).

165 1245 251 1304 4444444
282 1243 400 1314 quidem
429 1244 518 1306 verba
550 1245 587 1300 44
615 1245 775 1306 (4444444444
803 1243 871 1300 44444
899 1243 1024 1302 Bulaeus
1046 1236 1088 1319 ⁸).
1130 1241 1181 1298 sed

81 1354 170 1410 multa
194 1357 310 1425 praeter
332 1369 409 1418 4444,
438 1355 476 1410 444
508 1360 539 1410 44
561 1354 679 1412 difficile
711 1355 749 1410 sit
770 1367 869 1408 veram
901 1367 986 1411 suam
1009 1352 1183 1408 sententiam

79 1464 173 1520 exiis
195 1463 317 1528 elicere,
350 1477 417 1518 cum
440 1477 541 1518 secum
573 1464 638 1533 ipso
666 1475 797 1534 pugnare
819 1461 959 1518 videatur.
1003 1459 1097 1520 Verba
1120 1462 1184 1518 eius

25 1645 28 1650 Ι
80 1574 156 1630 4444
179 1578 262 1630 sunt:

134 1697 137 1704 ·
232 1683 345 1748 ,,Ρ4444,
374 1681 544 1740 Gualterum
585 1681 720 1740 floruisse
756 1684 834 1740 circa
869 1679 1000 1740 madium
1034 1684 1063 1734 44
1093 1679 1182 1735 finem

234 1794 340 1860 „buius
357 1794 474 1859 saeculi,
499 1793 535 1850 ab
559 1807 638 1850 anno
655 1795 771 1860 circiter
797 1795 876 1848 4408
901 1791 936 1847 44
953 1805 1064 1848 annum
1091 1792 1180 1856 4480,

233 1917 310 1970 „nec
334 1904 424 1958 luisse
441 1904 677 1973 Magalonensem
699 1904 886 1974 Episcopum,
912 1917 980 1960 nem
1001 1903 1084 1958 hisce
1107 1906 1184 1957 tem-

232 2011 372 2084 „poribus
410 2012 560 2072 Ecclesiae
589 2013 789 2082 llagalonensi
824 2015 958 2083 praeerat
985 2013 1113 2067 loannes
1146 2008 1183 2064 44

231 2125 347 2190 „Monte
369 2124 483 2178 44444*ι
507 2151 545 2164 -

166 2239 195 2288 44
217 2211 303 2304 paulo
326 2233 413 2289 inira:

232 2344 405 2414 „Reperltur
436 2347 533 2400 tameo
562 2345 640 2400 44444
661 2345 882 2414 Magalonenses
904 2346 1065 2418 Episcopos
1089 2345 1182 2402 Gual-

231 2457 331 2517 „teras
347 2454 464 2508 natione
476 2453 583 2519 Gallus,
600 2455 630 2508 in
647 2453 750 2508 444444
766 2455 888 2510 44444344
904 2472 921 2510 4
937 2472 1029 2526 puero
1040 2456 1184 2512 enutritus

230 2559 305 2625 „sub
335 2559 487 2632 disciplina
519 2561 691 2618 Gotholredi
722 2563 875 2635 Episcopi,
916 2565 963 2620 cui
992 2577 1070 2620 anno
1103 2567 1181 2620 4480

232 2673 422 2737 ,,344443344.“
444 2701 483 2728 -.-

163 2781 232 2836 Mira
256 2785 301 2836 est
322 2781 400 2854 apud
422 2783 561 2840 Eulaeum
584 2798 728 2840 annorum
761 2785 910 2851 conlusio,
940 2799 1007 2840 cum
1040 2782 1114 2839 duas
1136 2799 1184 2839 443

78 2891 201 2944 misceat
222 2905 343 2961 prorsus
366 2891 483 2948 alienas.
528 2892 635 2948 Verum
658 2898 718 2960 434,
742 2895 886 2948 loannem
910 2893 947 2948 44
969 2895 1067 2950 444444
1089 2895 1183 2950 44444

78 3002 126 3055 443
149 2999 330 3069 temporibus
353 2992 586 3076 (4466-4400)
609 3002 787 3072 Episcopum
809 3003 1045 3072 Magalonensem
1079 3003 1182 3072 luisse;

79 3109 134 3164 sed
157 3123 256 3179 oeque
278 3108 315 3164 ab
338 3123 418 3164 anno
443 3111 661 3166 4408-4480
692 3109 798 3168 llorere
820 3115 934 3182 poterat
955 3111 1131 3168 Gualtberus
1152 3119 1185 3168 ut

79 3219 154 3273 inira
177 3217 361 3284 videbimus,
394 3232 492 3288 neque
521 3217 700 3274 Gotbolrcdo
732 3221 874 3275 successit
903 3219 979 3276 ullus
1009 3220 1184 3278 Gualtherus

80 3343 160 3384 anno
187 3329 284 3396 tl80;
322 3341 392 3383 nam
424 3328 506 3386 bisce
529 3328 712 3400 temporibus
734 3332 877 3386 ioannem
910 3330 948 3386 44
969 3331 1068 3388 444444
1089 3331 1184 3388 44444

81 3439 176 3510 Episc.
199 3438 298 3507 ltlagal.
323 3439 413 3494 luisse
437 3444 557 3498 constat.

165 3549 222 3603 lles
245 3549 339 3618 qualis
363 3549 413 3614 sit,
440 3550 548 3620 optime
574 3549 727 3620 apparebit
749 3550 841 3606 allatis
863 3549 961 3607 verbis
984 3549 1183 3608 Sammartha-

81 3672 185 3713 norum
207 3649 233 3732 9)
269 3658 326 3712 buc
349 3658 579 3727 pertinentibus:

231 3767 463 3834 „Gothoiredum
488 3771 620 3840 proxime
643 3773 759 3842 excepit
781 3771 915 3828 Galterus
937 3788 973 3829 ex
996 3771 1101 3827 losulis
1125 3787 1184 3843 op-

98 3972 123 4032 ¹1)
168 3970 201 4021 ci.
220 3969 283 4019 Gall.
302 3969 361 4018 Chr.
381 3967 422 4019 Vl.
441 3983 467 4033 p.
487 3970 546 4020 tot.
565 3972 594 4020 D.
618 3997 643 4006 -
667 3973 700 4022 ci.
719 3973 796 4024 inira.

97 4063 126 4123 8)
171 4062 268 4114 Hister.
289 4061 406 4113 Univers.
426 4062 589 4114 8444444343.
610 4066 689 4114 Paris.
712 4065 785 4118 4665.
805 4067 833 4117 ll.
854 4081 880 4131 p.
900 4065 959 4118 740.

97 4158 122 4217 9)
168 4158 232 4218 Gall.
250 4157 310 4208 Chr.
332 4159 372 4209 Vl.
392 4173 419 4222 p.
440 4157 499 4208 745.
