2810 4882
731 378 801 454 '30

228 589 300 646 bere
324 591 489 646 maluerunt
504 595 535 644 et·
555 591 680 656 exulare,
705 607 791 659 quam
809 591 916 646 cedere
939 594 1009 661 regi,
1034 594 1093 648 iine
1117 595 1208 647 intimi
1233 601 1338 649 essent
1386 664 1390 678 *

227 701 312 754 amici
336 699 434 754 cleriei
457 700 590 784 vagantis
620 703 649 752 et
670 699 745 754 iliius
768 699 886 768 quidem
910 703 959 770 qui
983 703 1075 756 iacem
1099 705 1182 772 quasi
1204 706 1254 758 toti
1279 722 1337 774 go-

226 808 383 864 iiardorum
407 808 518 862 cohorti
541 808 696 878 praetulit?
739 808 893 877 Quomodo
916 825 1054 880 umquam
1079 813 1177 882 aptari
1209 823 1336 888 possunt

228 918 513 984 contessioGoliae,
546 919 568 972 si
593 899 854 974 Guaith'eri'nostri
878 925 933 986 est,
964 925 992 974 et
1020 923 1081 976 Joh.
1107 921 1199 978 Sarib.
1231 925 1333 988 verba,

226 1031 334 1101 quibus
355 1030 490 1098 angelum
506 1031 629 1096 Domini,
654 1006 706 1084 Dei
730 1029 900 1096 ministrum,
925 1033 1018 1086 virum
1040 1031 1159 1099 bonnm,
1185 1039 1239 1090 etc.
1265 1051 1333 1090 eum

225 1141 370 1212 appellat?
413 1143 513 1210 Itaque
536 1141 581 1196 iiia
605 1142 732 1195 earmina
757 1146 805 1196 aut
828 1143 947 1196 omnino
971 1144 1119 1198 Guaitheri
1148 1147 1241 1202 nostri
1273 1161 1334 1201 non

225 1255 302 1314 sunt,
326 1253 375 1304 aut
397 1221 432 1302 eo
455 1265 573 1318 quoque
595 1248 684 1304 sensu
699 1249 794 1303 Protei
816 1251 956 1304 naturam
974 1243 1016 1326 (ut
1037 1253 1060 1306 J.
1078 1251 1208 1308 Grimmii
1233 1226 1334 1310 verbis

225 1353 300 1435 utar)
322 1360 423 1423 refert,
454 1363 486 1414 ut
509 1357 610 1412 modo·
635 1357 783 1426 goiiardus
805 1358 846 1411 in*
863 1353 1048 1414 confessione
1072 1360 1172 1416 Goliae
1196 1355 1333 1436 (Wright

225 1470 324 1552 Mapes
347 1459 447 1542 pit.)
471 1454 544 1521 haee
568 1482 674 1521 canere
698 1464 803 1537 pos'sii:

331 1567 422 1632 Feror
444 1593 498 1645 ego
521 1577 610 1631 veluti
631 1578 695 1631 sine
721 1582 808 1632 nauta
839 1579 929 1644 naum,

375 1687 410 1742 Ut
432 1703 485 1758 per
506 1688 567 1742 vias
590 1687 665 1741 aeris
687 1702 759 1756 vaga
782 1687 873 1741 fertur
894 1688 971 1755 avis;

374 1797 440 1850 Non
463 1811 510 1850 me
536 1775 636 1850 tenent
658 1797 781 1862 vincula,
806 1811 865 1850 non
888 1811 936 1850 me
958 1801 1038 1852 tenet
1060 1797 1157 1863 elaris,

375 1903 490 1972 Quaero
514 1906 570 1958 mei
593 1905 701 1959 similes
721 1912 754 1974 ¹et
775 1904 916 1975 adjungor
937 1908 1043 1984 prauis.
1136 1949 1138 1952 .

332 2014 381 2070 Via
405 2015 460 2068 lata
484 2013 621 2083 gradiens
643 2029 725 2068 more
749 2015 914 2077 iuventutis,

374 2124 496 2194 Implico
520 2125 672 2186 meritiis,
698 2125 851 2176 immemor
872 2123 992 2188 virtutis,

376 2231 535 2310 Voluptatis
559 2229 661 2286 avidus
684 2231 775 2298 magis
795 2227 889 2300 'quam
908 2231 1007 2296 salutis

375 2341 505 2394 Mortuus
526 2339 556 2392 in
579 2339 674 2394 anima
699 2353 798 2393 euram
821 2351 892 2408 gero
913 2340 996 2394 tutis.

331 2451 401 2505 Mihi
424 2449 522 2505 cordis
546 2442 670 2520 gravitas
694 2465 742 2504 res
763 2447 878 2502 videtur
899 2449 1013 2517 gravis3

375 2560 451 2614 Haee
475 2565 519 2614 est
540 2557 699 2614 amicabilis
719 2557 890 2626 dulciorqu'o
913 2558 992 2623 favis,

369 2669 524 2738 Quicquid,
544 2669 641 2723 Venus
659 2669 786 2738 imperat
806 2667 889 2724 labor
912 2675 955 2722 est
977 2669 1082 2736 suavis,

374 2777 455 2845 Quae
477 2791 638 2847 numquam
660 2778 690 2842 in
714 2775 853 2831 cordibus
875 2776 984 2832 habitat
1006 2779 1126 2846 ignavis.
1151 2783 1205 2834 ete.

228 2896 257 2946 et
279 2891 326 2945 vix
349 2890 441 2960 spatio
465 2888 589 2944 duorum
621 2901 765 2957 annorum
785 2887 957 2942 'interiecto
976 2904 1030 2958 pro
1063 2869 1241 2944 emulantium
1266 2889 1330 2946 An-

144 2987 147 2993 *
225 2975 338 3074 'giorum
360 3014 393 3054 re
414 2999 590 3068 gravissima*
614 2997 643 3052 et
672 2999 827 3054 iustissima
851 2999 1057 3054 contumeliam
1080 3001 1274 3070 perpetiatur,
1300 3007 1329 3056 et

227 3126 352 3181 poenam
381 3111 457 3175 iilam
481 3109 609 3178 sufferat,
630 3124 688 3178 qua
717 3109 781 3178 ipse
804 3108 935 3166 Giesebr.
966 3124 1033 3164 eum
1073 3109 1208 3164 affectum
1237 3109 1329 3164 inisse
1386 3161 1387 3182 p

152 3267 155 3273 .
226 3223 321 3290 putat„
345 3224 453 3289 nempe
476 3235 533 3289 qua
557 3234 594 3272 ex
616 3219 789 3274 elericorum
810 3233 934 3272 numero
957 3217 1065 3285 ejectus
1088 3217 1131 3270 sit.
1177 3217 1237 3272 Hoc
1259 3219 1329 3272 mihi

226 3326 344 3397 quidem
367 3327 414 3380 vel
429 3324 681 3380 ineredibilitatem
698 3319 794 3398 (venia
810 3316 964 3398 sit-verbo)
988 3322 1132 3378 exeedere
1147 3323 1271 3380 videtur.
1289 3355 1329 3366 -

333 3435 453 3507 Scripsit
483 3441 577 3500 certe,
619 3433 648 3488 id
682 3432 761 3502 quod
802 3433 857 3488 aiio
895 3433 960 3488 loco
997 3437 1026 3486 et
1061 3437 1194 3504 ternpore
1238 3433 1332 3490 iusius

228 3548 442 3618 exponemus‚'
464 3546 640 3616 Gualtherus
671 3546 752 3606 cirea¹
777 3559 887 3600 annum
921 3547 999 3600 it80
1024 3543 1252 3611 Alexandreida,
1276 3545 1330 3600 sed
1385 3527 1386 3597 i

228 3672 264 3712 ex
286 3672 351 3712 mea
375 3630 519 3710 sententia
547 3669 607 3710 non
631 3654 803 3710 castellione
832 3653 886 3708 sed
909 3654 964 3709 sub
989 3656 1132 3712 Guileimo
1154 3655 1253 3708 Remis
1276 3655 1332 3709 ad-

226 3769 286 3842 hue
308 3767 419 3823 vivens
464 3766 515 3822 Sin
548 3781 618 3822 voro
648 3781 684 3820 eo
707 3769 879 3834 argumento
902 3765 1003 3822 nititur
1025 3764 1226 3832 Giesebreeht.
1250 3766 1331 3834 quod
1384 3817 1385 3828 ,

227 3881 316 3947 putat,
341 3855 459 3934 carmen
483 3875 554 3954 iilud
579 3869 624 3951 (ei.
649 3874 779 3958 Giesebr.
804 3892 831 3946 p.
858 3867 962 3949 367J..
1384 3835 1385 3891 ¹

349 3987 351 3994 '
486 3983 582 4053 Turpe
605 3982 664 4049 tibi,
685 3983 761 4053 Papa
779 3982 870 4048 bone,

485 4095 509 4149 si
532 4093 628 4148 divina
652 4093 779 4148 lectione

401 4260 404 4266 ,
485 4207 580 4272 spreta
605 4203 670 4256 iiam
694 4203 794 4256 laicus.
