2810 4882
602 373 649 442 29

206 580 332 650 „Sobald
357 579 420 634 sein
437 577 529 634 Gliick
552 578 580 630 in
597 573 727 644 Engiand
751 575 906 630 scheiterte
929 575 1030 631 kehrte
1047 591 1080 632 er
1101 579 1176 634 nach

208 691 404 762 „Frankrcieh
436 688 545 743 zuriick
575 687 634 742 und
658 691 713 740 4444
734 686 825 740 544444
853 687 882 740 44
912 685 959 742 die
984 689 1103 744 Dienste
1127 688 1180 744 des

204 803 406 871 „Erzhisohois
428 800 564 855 Wilhelm
587 813 645 854 von
670 797 818 851 Rheims.“

163 913 219 967 Sed
251 903 392 976 vidimus,
424 909 484 979 jam
523 921 601 960 anno
637 907 715 958 4466
745 905 792 958 vel
820 905 908 974 paulo
939 909 1006 975 post
1033 905 1180 962 Gualiheri

76 1018 229 1074 cuiusdam
259 1019 356 1072 clerici
378 1015 530 1070 Remensis
552 1014 687 1083 Episcopi
718 1013 819 1066 atuh.
854 1011 970 1067 Saresb.
1001 1015 1179 1068 mentionem

76 1131 148 1195 44444,
173 1145 260 1200 quem
285 1131 348 1198 ipse
365 1125 495 1183 Giesebr.
521 1139 588 1179 oum
611 1128 710 1179 nostro
738 1123 852 1179 Gualth.
875 1139 967 1178 unum
989 1125 1179 1196 eundemque

76 1239 166 1294 fuisse
197 1235 356 1293 contendit.
407 1235 569 1291 Guilelmus
603 1249 673 1288 vero
703 1249 763 1288 non
792 1237 858 1287 ante
886 1247 997 1288 annum
1032 1236 1110 1289 4476
1144 1235 1181 1290 ad

76 1347 178 1402 sedern
201 1348 377 1401 Remensem
402 1346 528 1412 transiit3
561 1359 631 1412 ergo
661 1343 787 1412 primum
829 1341 896 1408 sub
919 1343 1043 1398 Henrico
1081 1346 1179 1400 Remis

78 1457 204 1524 vivebat,
222 1459 286 1511 etsi
302 1459 348 1511 vel
363 1459 457 1510 statim
473 1460 539 1525 post
558 1454 692 1510 Guilelmi
716 1454 866 1508 transitum
879 1469 915 1507 ex
930 1453 1001 1508 sede
1018 1454 1182 1510 Senonensi

76 1567 114 1622 ad
138 1569 312 1622 lismensem
346 1567 401 1620 allo
429 1566 526 1635 aliquo
555 1579 677 1618 munere
706 1563 830 1617 donatus
852 1566 896 1616 454
919 1562 1109 1627 (4444444445,
1145 1563 1181 1618 ad

76 1681 233 1733 minimum
261 1678 365 1732 decern
393 1691 486 1732 annos
508 1676 611 1730 Remis
640 1673 765 1729 vivebat.
818 1675 918 1741 Itaque
948 1687 1009 1727 non
1039 1674 1178 1744 intelligo,

76 1804 154 1856 quae
176 1787 254 1841 idern
278 1787 308 1841 V.
330 1787 363 1840 D.
389 1783 496 1839 deinde
518 1782 603 1837 dicit:

231 1895 312 1962 „Wir
342 1893 442 1948 finden
470 1894 557 1948 keine
588 1893 703 1962 Spuren
734 1891 801 1946 dass
823 1892 954 1947 Walther
975 1893 1095 1962 lingere
1122 1895 1184 1948 Zeit

233 2006 282 2072 „in
319 2003 371 2057 der
392 2004 512 2058 Kaualei
541 2001 594 2056 der
620 2001 808 2056 Erzbisehofe
835 2015 894 2055 von
921 2001 1038 2055 Rheims
1065 2001 1183 2071 gedient

214 2113 345 2180 '‚,hahe‚
384 2127 474 2166 wenn
505 2127 537 2166 er
560 2112 726 2183 iiberhaupt
744 2113 849 2182 jemals
864 2113 894 2166 in
918 2112 996 2168 diser
1009 2111 1183 2182 besch'aitigt

231 2218 374 2286 „worden
390 2219 438 2287 ist;
462 2219 542 2272 wohl
558 2217 628 2272 aber
651 2220 753 2273 4444444
770 2221 824 2274 wir
845 2221 897 2275 ihn
920 2221 1051 2276 uachher
1066 2235 1104 2275 an
1128 2221 1182 2276 der

231 2331 348 2402 „Spitze
364 2331 446 2384 einer
462 2329 568 2384 Sohule
584 2345 620 2382 zu
637 2329 778 2383 Chatilion
803 2346 852 2384 sur
867 2333 980 2398 Marna,
1008 2331 1099 2386 deren
1115 2333 1183 2386 Lei-

233 2447 323 2510 „tung
338 2439 398 2494 ihm
414 2454 480 2494 vom
496 2437 668 2493 Erzbischof
680 2436 857 2506 iibertragen
873 2440 937 2492 sein
959 2444 1077 2494 musste.
1116 2441 1183 2494 Hier

233 2552 380 2619 „dichtete
405 2565 439 2604 er
468 2549 514 2603 die
540 2552 576 2602 444
599 2549 717 2615 4444444,
747 2547 794 2602 die
819 2549 848 2602 in
872 2547 925 2602 der
947 2549 1061 2603 Pariser
1083 2550 1183 2604 Hand-

231 2661 351 2728 „schrift
372 2659 502 2714 erhalten
519 2655 592 2722 sind,
618 2655 678 2710 und
700 2655 747 2710 die
770 2661 846 2711 etwa
868 2658 1017 2713 zwischen
1040 2657 1098 2713 den
1113 2660 1183 2714 Jah-

232 2783 305 2834 „ren
332 2767 410 2820 4475
428 2765 473 2820 bis
492 2768 571 2820 4485
596 2765 673 2820 nach
696 2764 754 2818 den
776 2765 970 2821 historischen
984 2767 1180 2839 Ereignissen

232 2878 299 2945 „die
322 2877 427 2932 beriiht
447 2875 570 2931 werden
593 2875 738 2944 abgeiasst
760 2875 824 2929 sein
846 2878 996 2930 miissen.“

167 2987 247 3055 Quae
280 2987 329 3040 ilia
357 2987 430 3040 facta
463 2986 535 3050 5444,
561 2983 645 3038 doleo
668 2997 716 3038 me
739 2986 868 3052 nescire,
904 3002 971 3042 oum
1002 2987 1104 3044 decem
1135 2991 1182 3047 4444

78 3097 211 3152 carmina
234 3096 304 3149 mihi
326 3109 387 3148 non
411 3093 591 3148 innotuerint
612 3106 710 3162 neque
727 3093 844 3149 Gieseb.
867 3096 930 3165 ipse
959 3113 993 3152 ea
1030 3098 1183 3156 indicave-

75 3209 124 3260 rit.
169 3205 251 3260 Putat
279 3205 366 3274 igitur
395 3205 425 3260 V.
449 3205 482 3258 D.
512 3205 568 3257 iam
596 3217 674 3258 anno
701 3205 796 3270 4476,
829 3220 888 3274 quo
912 3205 1083 3263 Guillelmus
1103 3209 1124 3263 Ι.
1147 3225 1184 3264 ex

81 3313 154 3370 sede
178 3313 342 3368 Senonensi
374 3312 409 3366 ad
432 3313 607 3367 Remensem
644 3315 769 3381 transiit,
794 3315 985 3372 Gualtherum
1008 3318 1183 3374 Castellione

78 3423 143 3480 ludi
166 3426 332 3494 magisterio
365 3425 497 3478 iunctum
520 3439 584 3478 4554
607 3423 706 3492 ibique
730 3429 759 3478 et
781 3427 910 3480 carmina
932 3427 980 3480 illa
1004 3431 1032 3481 44
1054 3427 1184 3484 Alexan-

78 3533 182 3588 dreida
206 3533 416 3602 composuisse.
461 3531 530 3584 Mihi
559 3529 596 3584 de
618 3533 677 3584 tota
698 3530 754 3584 hac
784 3545 815 3584 44
838 3531 921 3585 414444
943 3532 1066 3589 videtur.
1111 3533 1184 3589 Om-

80 3643 153 3696 nino
185 3643 209 3695 si
239 3639 274 3695 ad
298 3641 361 3695 Joh.
384 3637 607 3694 Sarisberiensis
635 3638 726 3696 verba
763 3655 852 3710 supra
879 3641 963 3696 444444
999 3643 1181 3712 respicimus,

78 3766 142 3806 non
164 3765 284 3821 possum
305 3751 376 3820 quin
399 3749 484 3805 valde
505 3751 611 3804 mirum
635 3763 670 3803 44
691 3763 740 3804 me
761 3749 897 3814 habeant,
922 3752 946 3804 si
969 3755 1183 3822 comparaveris

79 3875 148 3916 cum
176 3859 354 3915 carminibus
382 3859 438 3913 illis
465 3863 493 3914 44
521 3860 698 3930 praesertim·
718 3873 785 3914 cum
809 3859 993 3914 confessione
1017 3861 1117 3916 Goliae
1146 3861 1182 3916 ab

80 3969 213 4028 Giesebr.
239 3971 398 4026 Guabhero
421 3968 538 4025 tributa.
583 3970 684 4025 itane?
706 3971 768 4024 Joh.
794 3968 934 4024 Sarisber.
959 3974 986 4025 et
1009 3971 1035 4026 S.
1058 3973 1183 4028 Thomas

80 4081 213 4134 Cautuar.
238 4079 291 4133 viri
314 4079 358 4134 sui
382 4079 521 4149 temporis
545 4078 606 4132 4444
628 4079 777 4148 principes
800 4077 952 4134 eruditone
978 4084 1005 4134 ei
1023 4083 1181 4143 sanctitate,

79 4189 228 4258 animique
251 4186 400 4242 nobilitate
432 4187 616 4242 illustrissimi
648 4191 677 4242 44
699 4187 750 4256 qui
771 4203 826 4257 pro
853 4189 926 4246 iusta
950 4205 1037 4247 causa
1061 4206 1183 4248 occum-
