2810 4882
737 315 785 386 al

366 532 433 586 „me
455 533 509 590 per
537 517 672 573 comitam
696 514 882 582 Gauiridum,
914 530 1002 586 quem
1033 515 1135 586 diligit,
1167 519 1241 572 etsi
1275 519 1321 573 ia-

365 627 477 694 „oultas
497 626 625 692 alluerit,
650 640 718 680 eum
741 626 877 695 recipias,
906 630 935 680 et
961 623 998 680 ab
1031 627 1093 681 aliis
1115 628 1206 697 recipi
1229 628 1321 683 iacias

366 739 532 804 „tamquam
553 734 688 804 angelum
709 733 841 799 Domini,
866 733 1006 802 quoniam
1030 737 1059 788 et
1081 735 1158 804 ipse,
1181 738 1214 790 ut
1235 733 1319 789 arbi-

364 850 454 912 „tror,
476 845 529 900 Dei
544 845 676 900 minister
698 847 749 911 est,
772 848 801 899 et
815 849 958 915 quantum
980 845 1055 912 licet,
1078 846 1109 900 in
1124 847 1205 902 curia
1220 861 1319 901 mem-

364 952 437 1020 „bra
459 953 563 1010 Christi
584 953 780 1025 multipliciter
801 955 989 1010 consolatur*
1011 994 1174 1010 ......

365 1057 435 1140 „⁵8).
478 1063 573 1120 Audio
595 1066 761 1135 Magistrum
784 1065 942 1121 Galterium
964 1067 1128 1121 iuramento
1151 1068 1264 1133 arctari,
1288 1071 1321 1123 ut

366 1189 484 1258 „neque
519 1176 639 1242 litteras,
678 1191 776 1246 neque
810 1177 936 1232 nuncios
971 1177 1095 1247 excipiat
1130 1177 1318 1231 exulantium.

365 1285 426 1351 „Ex
447 1301 506 1354 quo
529 1288 615 1356 patet,
639 1300 727 1355 quam
749 1287 855 1342 misera
878 1287 1038 1344 necessitas
1060 1286 1147 1344 bonis
1168 1288 1238 1343 viris
1261 1289 1320 1342 im-

365 1397 507 1462 „mineat,
532 1411 607 1465 quos
628 1410 690 1452 non
712 1397 780 1452 licet
801 1396 936 1452 mandata
958 1399 1128 1453 Dominicae
1151 1399 1242 1468 legis,
1272 1399 1321 1453 ol-

365 1503 450 1570 „fieia
471 1501 607 1558 videlicet
630 1505 764 1571 caritatis,
788 1507 940 1577 implere.“
963 1492 1000 1546 -'

301 1611 359 1668 Sed
387 1628 449 1667 non
479 1617 592 1683 poterat
612 1614 669 1670 hoc
696 1615 788 1669 latere
810 1631 924 1685 regem3
955 1617 1053 1686 itaque
1083 1629 1142 1670 non
1165 1616 1202 1669 ita
1226 1615 1319 1669 multo

216 1727 283 1791 post
309 1722 341 1776 in
371 1737 509 1792 magnum
532 1722 689 1778 discrimen
720 1722 866 1779 adductus
894 1727 939 1778 est
968 1724 1158 1787 Gualtherus,
1194 1723 1253 1776 imo
1283 1737 1319 1776 ex

218 1832 355 1888 clericatu
377 1832 517 1902 expulsus
531 1832 645 1888 videtur
667 1848 742 1890 esse.
766 1833 801 1888 oi.
817 1833 879 1888 Joh.
895 1831 1035 1888 Sarisber.
1058 1832 1109 1903 Ep.
1126 1831 1201 1886 dxc.
1226 1847 1316 1900 quam

217 1938 253 1993 ad
277 1939 390 1995 Gualth.
424 1941 521 2010 ipsum
549 1939 651 1996 scribit
680 1955 758 1997 anno
796 1942 885 1994 llas.
916 1932 955 2015 (p.
980 1943 1039 1995 232
1065 1931 1163 2014 Giles.)
1196 1954 1232 1993 ex
1261 1955 1319 2008 qua

216 2050 291 2106 haec
312 2066 404 2121 pauca
427 2052 515 2121 elegi:

451 2161 487 2216 Μ.
511 2160 647 2216 Gualtero
672 2159 708 2215 do
730 2159 835 2215 Insula.

365 2271 588 2336 „Promeruerat
615 2270 733 2339 quidem
763 2270 949 2325 humanitatis
970 2273 1084 2323 vestrae
1112 2268 1265 2336 sedulitas,
1290 2275 1319 2325 et

370 2379 528 2445 „exhibitio
557 2382 790 2451 promptissimae
810 2379 999 2444 liberalitatis,
1030 2381 1062 2432 ut
1092 2392 1211 2432 omnem
1233 2378 1318 2434 vobis

367 2497 436 2557 „aut
457 2493 560 2546 vestris
576 2490 759 2560 obsequendi
781 2489 1026 2560 opportunitatem
1042 2490 1189 2556 gratanter
1203 2488 1318 2558 arripe-

367 2615 464 2666 „remz
498 2604 527 2653 et
556 2601 580 2653 si
609 2600 666 2653 alio
697 2598 785 2652 modo
814 2611 973 2667 nequeam,
1012 2596 1114 2650 saltem
1151 2595 1317 2651 devotionis

366 2722 469 2774 „meae
483 2707 677 2762 sinceritatem
701 2706 880 2761 salutationis
901 2704 1008 2761 iudicio
1030 2707 1215 2775 protestarer.
1243 2705 1318 2761 Nul-

366 2816 431 2882 „lus
460 2816 539 2870 enim
566 2818 727 2870 nostratum
750 2817 810 2880 est,
838 2813 885 2868 oui
913 2827 980 2868 cum
1009 2825 1113 2866 omnes
1135 2827 1233 2867 rerum
1257 2814 1318 2866 cir-

367 2928 562 2992 „oonstantias
600 2926 764 2996 diligentius
799 2925 913 2992 metiar,
948 2939 996 2978 me
1032 2924 1158 2980 recolam
1192 2925 1318 2994 amplius

366 3034 558 3102 „debitorem
594 3029 684 3090 Unde
701 3035 847 3090 silentium
864 3049 961 3088 meum
984 3034 1087 3088 merito
1111 3034 1206 3088 luerat
1227 3049 1318 3104 argu-

366 3145 509 3212 „endum,
541 3145 598 3200 nisi
621 3145 777 3200 multarum
807 3148 836 3199 et
858 3143 1054 3215 probabilium
1083 3145 1228 3199 rationum
1251 3146 1315 3200 sul—

367 3257 476 3325 „lragio
500 3260 689 3326 purgaretur:
714 3270 787 3324 quas
809 3256 908 3323 utique
930 3255 993 3308 iure
1015 3254 1240 3325 praetenderem
1263 3272 1316 3311 ac-

366 3366 518 3432 „ousanti,
552 3365 576 3420 si
606 3365 744 3419 nimirum
777 3377 838 3418 non
868 3367 1015 3418 constaret
1036 3365 1112 3418 inter
1134 3380 1187 3419 vos
1209 3368 1238 3418 et
1259 3379 1314 3420 nos

366 3475 475 3540 „chaos
497 3489 635 3546 magnum
657 3489 723 3530 esse
746 3474 905 3530 firmatum:
938 3475 976 3530 ita
1006 3479 1037 3530 ut
1069 3473 1156 3532 nobis
1178 3477 1318 3545 impossi-

365 3583 456 3650 „bile,
483 3584 568 3640 vobis
594 3590 691 3641 autem
716 3583 832 3640 dillrcile
867 3586 904 3642 sit
931 3584 967 3640 ad
990 3586 1099 3640 amicos
1121 3586 1244 3641 transire
1267 3585 1314 3640 vel
1386 3571 1387 3586 ³

367 3694 501 3758 „mittere
503 3733 697 3747 .......

367 3796 442 3879 „59).
498 3805 614 3858 lnterlm
650 3802 897 3874 dispensationem
942 3805 1057 3860 Domini
1105 3804 1318 3875 aequanimiter

222 3934 451 3944 ——n--m

219 4027 262 4089 ss)
302 4042 330 4093 p.
347 4026 407 4080 aar.
425 4028 468 4080 aa.
489 4028 533 4078 an.

219 4124 263 4187 so)
304 4138 331 4189 p.
351 4122 411 4176 aaa.
