2810 4882
748 381 792 450 lt

371 584 460 656 „pido
483 583 634 640 Flandriae
657 583 815 650 oriundus,
850 586 894 639 vir
924 587 954 640 in
978 584 1084 640 divinis
1105 583 1209 642 studiis
1231 586 1321 655 longo

369 695 484 764 „studio
507 695 688 760 exercitatus,
714 694 908 750 saecularium
925 696 1084 752 litterarum
1107 711 1167 751 non
1190 697 1320 765 ignarus.

368 781 505 876 „ingenio
530 809 687 876 praestans,
712 810 741 860 et
763 805 859 861 clarus
883 806 1010 875 eloquio,
1034 808 1085 877 qui
1108 821 1162 861 suo
1185 811 1320 876 tempore

369 921 508 987 „propter
531 915 692 972 doctrinam
716 921 746 972 et
768 915 963 972 eruditionem
986 931 1094 986 magno
1117 915 1171 971 luit
1192 917 1222 969 in
1245 929 1319 985 pre-

367 1028 435 1093 „tiu
479 1027 530 1082 ilic
551 1027 599 1081 ille
629 1041 757 1096 namque
787 1032 831 1082 est
854 1027 1004 1093 GalteruS,
1034 1041 1122 1096 quem
1145 1043 1161 1081 a
1187 1027 1318 1081 Waltero

368 1139 527 1210 „episcopo
549 1133 760 1206 magalonensi,
791 1137 828 1194 de
849 1142 910 1209 qud
932 1139 1123 1200 Trithemius,
1158 1151 1317 1208 perperam

368 1249 516 1316 „secernit
545 1249 690 1306 Garicllus
715 1242 772 1324 Ι0);
803 1263 862 1304 non
904 1251 983 1304 anim
1013 1249 1223 1318 llagolensem‚
1261 1247 1315 1302 sed

370 1357 625 1426 „Magalonensem
668 1359 746 1431 apud
784 1359 973 1424 Trithemium
1012 1358 1169 1428 legendum
1211 1355 1320 1427 probat

369 1469 510 1538 „epistola
544 1471 698 1552 ipsiusmet
720 1471 828 1528 Galteri
859 1469 894 1526 ad
926 1467 1088 1525 liebertum
1116 1468 1317 1539 praepositum

367 1578 555 1644 „insulanum
586 1577 661 1636 edita
690 1577 896 1634 allabillonio
924 1571 978 1654 Η),
1014 1593 1081 1634 cum
1111 1577 1255 1646 lliaagalac
1284 1577 1317 1632 in

368 1687 545 1753 „Palaestina
574 1688 621 1742 vel
651 1687 773 1756 lilagalis
798 1687 829 1741 in
862 1687 997 1757 Hispania
1028 1685 1140 1741 nullum
1169 1683 1317 1740 adscribat
1396 1745 1397 1754 χ

365 1769 585 1867 „pontificatum
618 1799 839 1869 episcopatuum
867 1797 977 1852 notitia.
1026 1797 1068 1851 Ex
1090 1797 1146 1851 hac
1167 1800 1263 1851 autem
1288 1803 1318 1852 et
1396 1815 1397 1860 l

367 1905 477 1972 „altera
498 1887 675 1962 aBrunone
698 1905 843 1976 signiensi
867 1907 1006 1976 episcopo
1028 1905 1065 1962 ad
1089 1906 1236 1962 Galterum
1261 1906 1318 1961 da·
1396 1925 1397 1928 ¹

366 2019 428 2081 „ta,
459 2017 547 2086 quam
576 2015 670 2073 habes
699 2017 779 2072 Tom.
802 2015 860 2072 Xll.
895 2014 1023 2085 spicileg.
1048 2031 1076 2085 p.
1102 2016 1151 2069 79.
1182 2013 1315 2085 apparet,

285 2163 287 2170 ·
365 2127 535 2192 „Galterum
566 2128 716 2198 scripturis
749 2126 840 2180 sacris
869 2123 1016 2181 studuisse
1044 2129 1105 2180 tum
1134 2141 1204 2181 cum
1234 2126 1314 2196 apud
1396 2127 1397 2144 ³

367 2237 499 2302 „insulas
522 2235 692 2290 moraretur.
745 2234 805 2290 Sub
829 2234 1016 2292 Gothulredil·
1036 2238 1137 2305 postca
1160 2234 1315 2306 disciplina

366 2346 536 2410 „meruisse
560 2347 719 2413 antequam
742 2343 825 2398 lieret
847 2344 1017 2412 episcopus,
1041 2342 1151 2398 docent
1173 2343 1314 2400 Vardalac

366 2449 527 2520 „carmina¹
567 2453 711 2509 Defuncto
733 2458 830 2509 autem
861 2453 995 2523 magistro
1019 2456 1160 2510 successit
1182 2454 1316 2526 discipu-

366 2564 431 2630 „lus
458 2579 536 2618 anno
563 2567 723 2622 lictant
749 2565 852 2619 saltem
877 2542 972 2629 tlol,
997 2568 1028 2619 ut
1051 2565 1141 2634 liquat
1163 2580 1200 2644 ax
1222 2568 1316 2620 veteri

366 2670 485 2736 „charta
508 2670 573 2724 data
587 2671 642 2725 vll.
666 2669 706 2725 ld.
729 2671 794 2725 llaii
816 2684 894 2725 anno
914 2672 1003 2735 litt,
1028 2685 1116 2740 quem
1139 2671 1313 2740 vigesimum
1394 2681 1395 2694 *

305 2783 307 2788 “
365 2781 549 2849 „secundum
578 2782 761 2852 praesulatus
791 2783 836 2837 sui
863 2767 1079 2837 annumerabat
1101 2781 1251 2847 Galterus‚
1285 2788 1317 2838 ut

366 2889 510 2962 „diximus
535 2883 602 2966 ¹²).'

300 3002 334 3057 Et
356 3002 444 3072 paulo
465 3003 541 3083 inira
567 2996 605 3077 13)

367 3111 428 3177 „lie
450 3111 567 3168 Galtero
589 3116 674 3168 vetus
696 3127 815 3183 quoque
844 3127 926 3169 musa
961 3110 1038 3181 aqud
1061 3109 1212 3166 verdalam
1235 3110 1315 3166 ceci-

367 3223 443 3288 „niu
535 3251 537 3256 ·

313 3371 315 3378 >
409 3331 451 3386 llli
474 3323 674 3406 (Gotlloiredo)
698 3329 831 3385 Galterus
854 3326 986 3384 succedit
1007 3329 1084 3384 filius
1108 3330 1179 3395 cius,

452 3441 540 3497 Filius
563 3434 715 3510 obsequio,
740 3437 816 3494 iilius
838 3438 943 3505 cilicio,
989 3447 991 3450 ’

217 3588 435 3612 —-'-—-·=-··-

218 3727 262 3786 m)
305 3725 321 3774 ι.
341 3725 357 3774 ι.
376 3725 393 3774 r.
413 3737 438 3788 p.
455 3721 515 3774 135.

218 3850 259 3911 ll)
304 3848 427 3900 ltablllcn
446 3848 528 3898 Anuli.
541 3813 564 3897 l.
584 3862 609 3913 p.
629 3845 688 3898 289.
708 3844 767 3909 (cd.
787 3843 813 3896 2.
834 3860 859 3910 p.
879 3842 956 3906 462.)
980 3842 1012 3894 ci.
1032 3843 1145 3926 lllttorp.
1158 3842 1196 3894 ¹da
1215 3842 1314 3926 danen.

303 3944 408 3995 observ.
429 3958 455 4010 p.
473 3942 533 3996 534.
734 3955 737 3961 ·

222 4066 263 4126 m)
310 4080 335 4130 ρ.
366 4063 428 4115 til.
455 4065 483 4116 c,
506 4065 554 4114 n...

219 4187 261 4250 l3)
306 4203 332 4252 p.
352 4186 412 4239 tlt.
432 4188 460 4238 li.
