2810 4882
754 345 776 414 8

215 561 329 613 constat
351 557 387 611 de
405 560 544 626 tempore,
570 569 628 624 quo
651 553 699 608 illo
724 566 846 610 munere
862 553 978 610 iunctus
1000 554 1045 608 sit.
1069 551 1276 608 Aclteiuesius
1290 545 1317 626 ³)

215 665 334 737 quidem
359 665 442 720 dicit:

364 774 426 840 „De
449 777 542 828 aetate
566 773 674 830 Galteri
697 771 856 828 {usulensis
878 773 940 828 sive
963 771 1061 836 lilani,
1085 770 1317 826 Alexandreidos

365 885 554 955 „scriptoris,
587 884 675 939 multa
706 881 797 939 verba
827 883 900 938 lacta
927 888 1010 948 suut,
1049 883 1190 938 nonnulla
1227 885 1314 938 etiam

364 997 501 1064 „praeter
525 1007 596 1048 rem.
640 993 681 1048 Ex
703 1007 740 1048 eo
763 1007 842 1058 vero,
867 991 945 1063 quod
970 991 1069 1049 Codex
1091 998 1159 1048 tuus
1181 993 1265 1048 llscr.
1287 987 1315 1068 ⁴)

363 1116 493 1169 „aunum
514 1103 645 1160 llccvtll
667 1103 810 1174 praelert,
841 1103 898 1158 hoc
927 1103 1029 1159 saltem
1057 1103 1235 1159 concludere
1258 1109 1312 1168 est,

366 1213 466 1283 „quod
497 1219 613 1285 tempus
642 1213 741 1271 datum
766 1215 959 1284 praecesserit
980 1213 1148 1281 Gualterus3
1181 1214 1315 1284 praecise

364 1327 496 1394 „partem
532 1325 673 1396 temporis
713 1321 832 1380 aliunde
872 1337 1069 1392 cognoscere,
1111 1324 1248 1381 nimirum
1278 1339 1314 1378 ex

363 1429 466 1496 „obitu
491 1432 562 1497 eius,
586 1447 674 1502 quem
699 1433 729 1486 iu
752 1446 862 1488 aunum
878 1429 1039 1487 ucxxxui
1061 1433 1150 1487 relert
1171 1431 1315 1488 Antonius

364 1538 421 1605 „de
451 1539 589 1608 Verdula,
618 1541 660 1611 Ep
693 1542 923 1612 magalonensis,
958 1543 987 1596 in
1020 1541 1156 1612 catologo
1191 1557 1313 1598 suorum

365 1646 589 1715 „decessorum
613 1652 800 1720 possumus.“

298 1757 374 1813 llaec
396 1759 563 1826 lleiuesius,
586 1759 654 1814 licet
674 1759 738 1830 ipse
760 1758 847 1828 paulo
870 1763 936 1813 aute
960 1751 984 1833 ⁵)
1017 1759 1093 1815 lianc
1115 1762 1313 1816 coniecturam

214 1865 251 1921 de
275 1873 367 1923 aetate
390 1869 539 1926 Gualtheri
561 1872 727 1942 protulerit:

364 1979 543 2044 „llattlraeus
556 1979 781 2036 vindocinensis
803 1981 887 2035 cuius
908 1983 1031 2034 aetatem
1052 1979 1138 2049 plane
1161 1977 1315 2049 indagavi·

365 2103 458 2154 „mus,
483 2089 614 2144 meminit
636 2094 707 2142 extr.
752 2085 859 2141 Tobiae
882 2086 1024 2153 Gualteri,
1049 2088 1095 2144 hic
1113 2090 1205 2158 igitur
1226 2092 1314 2161 paulo

364 2197 531 2266 „superium
564 2197 588 2251 si
611 2210 671 2250 uon
693 2177 824 2265 aequalis
848 2196 874 2250 ei
898 2194 991 2250 luerit.
1036 2196 1076 2251 Ea
1099 2197 1129 2250 iu
1152 2212 1184 2252 ro
1207 2199 1314 2255 incon-

363 2303 507 2372 „siderate
539 2305 657 2362 Vossius
688 2297 720 2382 ⁶)
752 2307 828 2360 iuter
854 2308 984 2360 incertae
1017 2307 1119 2360 aetatis
1155 2308 1313 2378 scriptores

365 2431 452 2484 „eum
487 2417 597 2473 retulit:
637 2418 712 2472 male
741 2431 860 2486 quoque
894 2416 971 2470 circa
1002 2432 1028 2471 a.
1060 2419 1139 2472 1200
1181 2417 1314 2474 llornisse

365 2529 510 2595 „coniicit
556 2529 676 2582 Historia
700 2527 767 2581 belli
793 2528 875 2593 sacri,
901 2525 980 2596 quod
1004 2529 1034 2582 iu
1060 2528 1189 2584 Concilio
1212 2531 1313 2586 Claro·

365 2643 474 2706 „mont
498 2652 577 2693 auno
612 2640 691 2692 10915
723 2637 872 2692 decretum
897 2638 962 2704 luit,
995 2639 1072 2693 inter
1103 2645 1252 2709 magnates
1288 2646 1316 2696 et

364 2749 487 2815 „milites
510 2749 641 2804 nominat
656 2747 814 2803 Walterum
839 2747 876 2803 de
894 2748 1061 2814 Castelleus,
1084 2750 1163 2806 huuc
1187 2749 1314 2808 eundem

364 2874 450 2925 „esse
474 2873 540 2914 cum
564 2860 706 2929 scriptore
726 2857 956 2914 Alexandreidos
979 2861 1150 2926 existimem,
1174 2862 1197 2915 si
1220 2877 1315 2930 quae-

364 2981 502 3038 „euuque
540 2968 570 3022 iu
609 2966 822 3023 Alexandreide
868 2975 935 3023 uota
975 2969 1020 3023 vel
1059 2969 1212 3038 vestigium
1243 2967 1314 3026 belli

364 3078 578 3148 „lerosolymit
601 3083 714 3148 partem
745 3091 812 3133 eum
843 3077 932 3132 luisse
961 3076 1126 3147 adpareret.
1150 3119 1157 3132 .
1182 3117 1220 3134 ..
1264 3079 1313 3134 Sic

368 3187 474 3256 „igitur
500 3185 556 3242 sibi
582 3187 780 3242 successerint
807 3187 854 3240 isti
881 3185 991 3240 saeculi
1012 3185 1049 3238 XI
1070 3189 1099 3240 et
1121 3185 1170 3242 ΧΠ
1192 3192 1314 3258 poetae:

362 3296 552 3364 „Fulbertus,
576 3298 641 3361 lvo,
669 3286 861 3361 Gualteriue,
886 3294 948 3348 toli.
972 3293 1121 3351 Saresber.
1145 3298 1313 3364 Matthaeus,

367 3404 551 3472 „Gaulridua
576 3403 778 3459 Wilhelmus.“

212 3564 415 3573 —————-——·--
422 3566 427 3568 -

228 3665 256 3724 3)
299 3663 331 3714 ct.
350 3661 461 3716 itelnesii
480 3661 572 3726 Epistt.
598 3660 631 3712 ad
652 3660 713 3712 Ctrr.
730 3660 875 3712 Deumlum
899 3661 940 3712 ed.
961 3662 1064 3714 Rosius.
1100 3662 1165 3714 teus
1186 3662 1262 3714 16711.
1287 3661 1312 3712 t.

286 3761 344 3824 Ep.
364 3759 406 3810 XC
434 3773 461 3823 p.
479 3757 540 3810 ⁴228.

228 3853 254 3916 l)
297 3853 361 3906 Cod.
381 3852 542 3917 cygneensis
561 3866 585 3906 s,
601 3851 814 3904 zwickaviensis.

229 3952 255 4010 5)
297 3951 341 4014 Ep.
361 3949 475 4006 LXXXV.
494 3962 519 4012 p.
539 3947 598 4000 217.
1133 3995 1136 4002 ,

229 4045 257 4106 6)
300 4044 394 4096 Errare
413 4043 518 4096 videtur
536 4041 681 4094 lleinesius,
702 4040 814 4092 Vossius
834 4043 849 4090 1.
869 4043 884 4091 l.
905 4047 931 4094 et
949 4043 983 4092 de
999 4040 1099 4092 lllstor.
1120 4041 1185 4092 Lett.
1206 4039 1273 4091 Libr.
1288 4040 1317 4088 ll⁴

299 4157 323 4206 p.
344 4140 402 4192 178.
423 4140 515 4204 (lugd.
533 4138 587 4188 Bal.
609 4135 687 4196 1651)
707 4151 759 4188 uon
781 4149 879 4188 uncum
902 4136 968 4188 ratu
987 4136 1034 4188 sed
1058 4135 1124 4189 1250
1143 4136 1228 4190 hebet.
