2810 4882
624 271 671 414 n

241 538 349 603 „niret,
383 541 411 590 et
432 540 534 605 portus
556 542 584 590 et
614 536 751 592 transitus
773 523 881 616 laceret
904 537 1070 607 diligentius
1092 506 1215 595 obser-¹

154 630 156 634 ’
242 647 321 712 „vari
335 650 363 699 et
387 645 497 700 clerum
514 645 550 700 ah
567 644 734 714 obediendo
755 644 959 716 suspenderet,
984 661 1074 716 quum
1099 651 1195 702 tamen

188 789 192 797 -
224 754 391 823 ,nondum
419 757 492 811 lacta
516 758 551 812 sit
579 757 752 827 appellatio,
780 762 809 811 et
835 758 1082 837 archiepiscopus¹
1104 759 1195 828 possit

239 867 342 932 „facile
364 867 497 920 inveniri.
541 867 602 921 Nec
633 865 747 932 dubito,
778 867 849 935 quin
876 867 1024 936 praedicto
1052 869 1186 936 Magistro

238 977 385 1041 „Waltero
407 977 582 1030 machinatio
605 979 658 1030 isto
681 975 840 1045 displiceat,
865 987 934 1030 cum·
955 975 1092 1032 omnihus
1116 991 1192 1046 quae

237 1092 485 1156 „praesumuntur
508 1086 649 1157 adversus
673 1087 911 1152 ecclesiemliei,
935 1087 1072 1155 quoniam
1096 1085 1193 1141 domi-

236 1211 327 1262 „num
350 1199 464 1255 timet.“
1037 1195 1039 1200 '

171 1307 364 1381 Nihilominus
386 1308 676 1363 tamen·Gualtherus
699 1308 775 1361 elam
797 1320 896 1375 regem
920 1307 969 1374 qui
992 1303 1188 1370 interdixerat,

83 1431 124 1470 ne
150 1416 258 1470 litteras
280 1417 459 1494 emulantium
488 1418 650 1486 acciperet,
681 1417 841 1470 litterarum
870 1415 1078 1474 commercium
1101 1415 1190 1468 susti-

83 1528 156 1592 nuit,
187 1531 215 1580 et
243 1527 362 1589 omnino
390 1501 493 1580 eorum
522 1541 585 1590 rem
614 1541 668 1596 pro
696 1543 749 1581 sua
772 1527 893 1595 accepit.
945 1526 979 1581 cl.
1003 1525 1053 1595 Ep.
1079 1525 1187 1581 CXLIV.

15 1647 18 1650 ·
81 1635 120 1690 ad
144 1638 217 1704 Meg.
242 1613 413 1691 Gauiridum
443 1635 479 1690 de
503 1635 608 1693 Sancto
638 1637 792 1692 Edmondo
816 1631 874 1715 ⁵6),
977 1621 980 1629 ’

231 1745 346 1814 „Quum
375 1748 406 1800 in
435 1748 615 1802 solemnitate
643 1747 774 1800 Paschali
805 1745 1006 1800 reformandae
1035 1746 1105 1800 mihi
1129 1761 1186 1815 pe·

231 1858 292 1922 „cis
326 1858 417 1924 gratia
458 1855 646 1924 Andegavum
686 1857 833 1926 proiectus
869 1871 964 1911 essem
1003 1855 1039 1910 ad
1077 1871 1184 1925 regern,

230 1969 344 2036 „ipsum
390 1959 457 2020 ante
476 1969 480 1974 ’
499 1967 642 2021 Dominlci
683 1967 814 2036 corporis
861 1967 1080 2036 perceptionem
1131 1981 1185 2034 per
1281 2021 1283 2026 ,

230 2075 384 2141 „abbatem
408 2075 435 2128 S.
460 2076 581 2130 Victoris
603 2076 774 2130 Parisiensis
797 2077 919 2130 stallos
944 2077 1102 2144 religiosos,
1128 2077 1183 2132 leci

230 2182 414 2250 „diligentius
445 2185 595 2237 conveniri
621 2201 711 2259 super
739 2201 811 2256 pace
834 2187 864 2240 R.
896 2186 946 2240 filii
968 2188 1069 2252 vestri,
1099 2186 1185 2241 adhi-
1249 2260 1252 2266 Ι

229 2289 315 2355 „bitis
343 2284 427 2344 etiam
450 2291 511 2344 allis
534 2292 634 2346 amicis
657 2292 693 2346 de
716 2309 840 2362 quorum
864 2294 921 2348 fide
944 2295 974 2348 in
997 2295 1075 2349 curia
1099 2309 1182 2376 spem

229 2417 443 2471 „conceperam
484 2403 669 2471 pleniorem:
706 2403 932 2460 'sollicitaveram
972 2407 1050 2458 enim
1097 2409 1182 2459 antea

229 2526 339 2580 „super
373 2511 429 2564 hoc
459 2513 552 2566 virum
580 2509 721 2582 optimum
753 2492 920 2581 Magistrum
942 2514 1112 2567 Walterium
1145 2513 1181 2566 de

228 2621 360 2686 „ln'sula,
385 2625 413 2680 et
435 2635 488 2690 per
509 2621 604 2704 ipsum
627 2621 699 2676 alios
721 2626 847 2692 petres,'
865 2638 990 2691 quorum
1014 2621 1088 2678 fides
1111 2595 1181 2676 mihi

227 2729 398 2796 „videbatur
420 2746 484 2785 esse
507 2731 649 2786 sincerior
669 2771 820 2786 ......
844 2731 974 2787 ll'edie'ns
991 2735 1089 2802 itaque
1105 2749 1181 2804 pue-

227 2855 311 2905 „rum
335 2855 402 2894 cum
425 2841 621 2908 festinatione,
656 2843 732 2896 sicut
752 2843 876 2898 Domino
899 2844 1007 2911 placuit
1029 2848 1057 2897 et
1080 2847 1196 2896 nostra-

229 2952 407 3016 „necessitns
438 2951 571 3020 exigebat
593 2951 629 3012 ad
652 2953 819 3020 Magistrum
842 2932 999 3006 Gallerium
1023 2953 1059 3008 de
1082 2955 1178 3009 lnsula

226 3059 405 3124 „transmisi,
439 3061 522 3114 cuius
555 3059 653 3130 iidem⁴
673 3064 702 3114 et
721 3061 878 3143 ceritatem
912 3060 1182 3118 nohis-exhibitam

225 3173 413 3234 „remuneret
444 3169 581 3224 fundator
605 3172 749 3228 ‘eeclesiae
772 3173 891 3238 Christi,
928 3174 1089 3241 proculus
1119 3174 1177 3229 lide

225 3281 274 3343 „et
295 3293 403 3344 amore,
426 3279 601 3340 sicutnobis
624 3282 802 3336 conscientia
819 3283 899 3338 testis
922 3288 973 3348 est,
998 3283 1063 3338 laeti
1079 3297 1175 3352 quan-

224 3387 281 3452 „do
295 3388 422 3458 ¹quidem
446 3389 475 3444 id
499 3406 620 3446 neeesse
644 3397 701 3458 est,
726 3393 845 3459 damna,
869 3393 998 3458 iniuriae,
1020 3397 1181 3458 contume-¹

224 3496 295 3561 „llas
318 3503 347 3550 et
369 3499 487 3575 exilium
509 3501 687 3554 sustinemus
689 3540 879 3556 .......

223 3599 293 3683 ,,57).
338 3607 366 3662 Si
388 3609 554 3678 Magistrum
578 3609 735 3664 Gelterlum
758 3610 873 3677 videris,
896 3613 922 3666 ei
944 3616 1047 3682 perte
1071 3616 1099 3665 et
1121 3628 1174 3682 per

223 3716 351 3780 „amicos
371 3721 613 3787 quantascunque
636 3721 744 3789 poteris
766 3721 872 3788 gratias
886 3721 1004 3784 referes,
1029 3723 1058 3772 et
1079 3721 1173 3774 maxi-

72 3897 303 3906 Ἢ

72 4026 115 4086 56)
157 4025 226 4075 Giles
245 4040 270 4090 p.
290 4025 350 4078 219.
373 4054 401 4064 -
441 4022 544 4092 Scripta
563 4031 603 4079 est
621 3985 688 4078 haec
706 4027 751 4091 Ep.
772 4030 841 4078 anno
864 4028 937 4080 ¹166.

71 4121 113 4180 en
155 4138 182 4187 p.
201 4121 264 4174 mo.
