2810 4882
743 357 790 427 32

221 581 279 635 que
307 570 336 620 et
363 555 478 620 Insulae
500 557 548 641 69)
583 564 674 621 urbes
703 569 906 634 nominantur,
940 569 971 624 in
995 565 1103 636 quibus
1125 566 1321 622 ecclesiastico

221 677 318 746 aliquo
340 691 464 732 munere
485 676 601 731 iunctus
624 677 667 731 sit.
723 677 836 732 Deinde
858 693 928 734 vero
952 677 1036 734 valde
1060 679 1165 732 mirum
1186 679 1257 732 mihi
1277 680 1323 733 vi·
1386 755 1387 760 ἵ

222 801 287 840 sum
312 789 356 840 est
384 790 412 839 et
444 784 572 849 videtur,
596 784 674 854 quod
697 786 727 840 in
749 785 898 840 uberrimo
920 787 969 841 illo
993 787 1123 855 catalogo
1146 787 1196 855 qui
1218 791 1263 842 est
1286 786 1322 842 de
1386 785 1387 790 ’

223 893 409 962 dignitatibus
437 893 611 948 Gallicarum
641 893 845 960 Ecclesiarum‚
877 895 998 950 Galliam
1027 894 1218 950 Christianam
1247 895 1321 962 dico,

221 1003 268 1056 vix
291 1003 444 1072 vestigium
459 1001 576 1070 aliquod
594 1001 741 1057 Gualtheri
764 1005 893 1074 reperire
917 1005 1005 1074 potui.
1030 997 1076 1078 (ci.
1098 1019 1186 1074 supra
1206 1021 1234 1074 p.
1264 999 1321 1080 ll).

305 1111 360 1166 Ubi
383 1115 411 1166 et
441 1111 559 1182 quando
581 1117 714 1167 mortuus
736 1113 789 1178 sit,
812 1127 873 1166 non
897 1117 976 1167 certo
999 1115 1121 1167 constat.
1166 1113 1234 1167 Hist.
1261 1113 1321 1167 Litt.
1386 1119 1387 1174 1

220 1221 247 1276 d.
271 1222 316 1276 Fr.
361 1221 498 1277 Codicem
533 1221 731 1278 colbertinum
754 1217 796 1299 70)
827 1227 941 1289 secuta,
977 1226 1005 1278 et
1029 1221 1117 1278 Godd.
1142 1221 1322 1292 Guelierbyt
1386 1181 1387 1264 l

220 1335 249 1386 et
270 1332 366 1386 Matth.
390 1330 524 1386 Ambiani
546 1336 670 1387 mortem
705 1331 812 1386 obiisse
836 1349 903 1387 eum
925 1337 1063 1401 narrant3
1090 1332 1138 1386 illa
1159 1333 1322 1402 pestilentia

221 1439 412 1505 absumtum,
436 1441 466 1494 bi
489 1438 602 1508 flagello
626 1457 658 1494 se
682 1442 870 1511 castigantem
893 1442 1064 1496 relerentes.

305 1549 374 1603 Mihi
392 1563 540 1604 summam
557 1547 769 1618 probabilitatis
791 1552 920 1621 speeiem
936 1550 966 1604 id
982 1549 1092 1605 habere
1107 1549 1222 1606 videtur
1245 1551 1324 1620 quod

219 1663 341 1714 narrant
362 1659 529 1724 Sweertius
554 1657 620 1713 Seb.
645 1659 780 1715 Linclrius
812 1665 841 1715 et
859 1661 952 1716 Valer.
976 1659 1108 1716 Andreas
1135 1660 1163 1714 ll.
1190 1661 1219 1714 ll.
1257 1661 1324 1714 licet

221 1771 356 1822 auctores
378 1781 439 1820 nun
463 1768 590 1836 optimae
612 1765 680 1822 fidei
703 1767 761 1822 sint
792 1783 908 1832 omnes,
933 1767 1124 1823 Gualtherum
1149 1767 1322 1822 castellione

220 1881 369 1931 mortuum
385 1893 459 1931 esse.
483 1877 577 1947 Supra
590 1877 723 1944 vidimus
740 1880 910 1950 priusquam
922 1878 958 1934 ab
974 1879 1099 1934 Henrico
1110 1879 1217 1932 Remos
1231 1892 1325 1931 voca-

223 1990 314 2051 retur,
332 1986 520 2044 Gualtherum
537 1986 715 2056 aliquamdiu
731 1987 904 2043 Castellione
920 1988 1035 2054 scholis,
1059 1987 1158 2042 nescio
1175 2001 1233 2056 qua
1256 2001 1325 2040 eum

221 2095 358 2165 dignitate
380 2096 550 2165 praefuisse.
587 2097 647 2149 Iam
669 2096 693 2148 si
709 2098 822 2148 constat
844 2087 889 2170 (ci.
906 2088 990 2171 inira)
1014 2097 1091 2150 eirea
1113 2109 1223 2150 annum
1242 2097 1321 2151 ⁴200

222 2220 289 2260 eum
313 2208 460 2258 mortuum
476 2218 549 2269 esse,
574 2203 678 2257 natalis
693 2215 790 2257 annus
813 2206 857 2258 est
873 2204 950 2258 circa
965 2217 1076 2258 annum
1104 2203 1241 2255 ll30-l
1254 2203 1263 2253 l
1274 2203 1322 2255 lo.

219 2313 305 2369 Anno
329 2329 399 2370 vero
424 2313 538 2368 circiter
561 2315 639 2367 llos
663 2313 760 2368 Remis
783 2313 841 2368 iam
862 2311 1086 2377 commorabtur,
1111 2315 1139 2366 et
1161 2312 1233 2366 mibi
1254 2312 1324 2380 qui-

223 2424 289 2478 dem
312 2423 468 2480 verisimile
492 2437 553 2478 uon
575 2421 691 2478 videtur
721 2438 801 2488 esse,
827 2421 1016 2478 Gualtherum
1033 2419 1095 2490 jam
1117 2424 1178 2508 tum
1202 2425 1325 2490 propter

164 2599 165 2603 Ἰ
220 2535 332 2591 ludicra
360 2536 407 2590 illa
438 2535 596 2604 poematia,
628 2549 753 2602 quorum
777 2533 936 2588 Scholiasta
965 2533 1143 2587 mentionem
1177 2533 1258 2598 facit,
1296 2539 1325 2587 et

221 2660 310 2714 quae,
340 2641 395 2697 sub
418 2639 610 2711 Archipoetae
640 2641 760 2695 nomine
784 2640 943 2706 decantata,
968 2639 1100 2695 Giesebr.
1124 2657 1140 2696 a
1164 2641 1323 2696 Gualthero

220 2755 251 2808 in
274 2754 352 2808 ltalia
379 2766 457 2806 anno
489 2753 603 2807 circiter
629 2753 859 2809 libi-llil.
883 2752 990 2820 scripta
1012 2755 1107 2821 putat,
1146 2755 1174 2805 et
1201 2756 1324 2822 propter

221 2861 343 2916 brevem
366 2875 443 2930 quae
466 2859 593 2914 debebat
615 2863 643 2914 et
665 2863 779 2930 poterat
801 2872 866 2914 esso
889 2859 1148 2914 commorationem
1171 2859 1325 2914 Castellio-

219 2988 342 3029 nensem
365 2973 422 3028 boc
438 2985 602 3040 cognomen
621 2972 778 3042 accepisse.
807 2972 907 3040 ltaque
922 2969 1075 3040 probabile
1091 2973 1142 3035 est,
1166 2974 1325 3040 postquam

221 3082 400 3152 aliquamdiu
415 3082 512 3136 Remis
535 3085 564 3134 et
588 3081 710 3136 fortasse
743 3080 811 3136 alibi
827 3081 913 3135 etiam
937 3080 1123 3150 dignitatibus
1146 3082 1199 3136 illis
1223 3083 1326 3137 ecele-

221 3193 343 3248 siasticis
372 3192 488 3246 iunctus
523 3193 589 3257 fuit,
625 3191 815 3248 Gualtherum
842 3190 963 3244 multum
993 3192 1140 3246 versatum
1169 3191 1200 3243 in
1229 3189 1325 3245 rebus

219 3299 415 3364 scholasticis,
447 3299 651 3353 Castellionem
682 3301 786 3354 iterum
816 3281 952 3363 rediisse,
992 3297 1092 3368 ibique
1131 3299 1326 3362 scholarchae

219 3409 267 3464 vel
288 3408 374 3463 simili
396 3408 494 3477 aliquo
527 3420 651 3462 munere
681 3407 813 3462 iunctum
836 3421 901 3463 esse
929 3408 1049 3477 otioque
1079 3399 1190 3464 literato
1213 3425 1326 3479 supre-

219 3531 300 3572 mum
322 3513 400 3568 diem
423 3509 531 3568 obiisse
553 3505 604 3588 ⁷¹).

218 3703 457 3714 —-—-—-

219 3798 265 3860 69)
309 3798 357 3848 lid.
376 3797 526 3861 Argentor„
546 3795 698 3846 Massmann
716 3795 742 3846 in
762 3794 928 3860 Heidelberg·
946 3796 1026 3848 lhbb.
1047 3795 1122 3849 1826.
1141 3810 1167 3860 p.
1186 3795 1263 3848 1196.

220 3893 264 3954 7⁰)
309 3892 360 3943 Sed
379 3893 406 3942 in
426 3892 583 3956 apographo
602 3903 662 3941 meo
681 3891 750 3942 illius
770 3891 841 3942 vitae
858 3891 921 3941 nibil
940 3892 973 3944 de
991 3893 1043 3944 hac
1060 3906 1089 3943 re
1106 3892 1208 3956 legitur.

219 3985 266 4050 71)
307 3987 340 4037 ci.
365 3998 456 4050 supra.
493 4009 521 4020 -
607 3984 679 4034 llaec
705 3997 769 4034 vero
794 3983 949 4050 neutiquam
986 3999 1136 4051 repugnare
1166 3986 1215 4048 lis,
1250 4000 1328 4050 quae

307 4095 390 4146 supra
409 4080 602 4142 disseruimus,
621 4078 692 4129 unde
710 4091 858 4142 cognomen
879 4081 1062 4134 Castellionaei
1080 4081 1220 4148 acceperit,
1237 4089 1327 4146 palei.

307 4177 399 4240 Neque
425 4173 494 4226 euim
513 4172 572 4224 ideo
592 4175 673 4237 puto,
701 4171 857 4223 Castellione
888 4177 1024 4227 mortuum
1051 4189 1110 4227 csse
1140 4175 1329 4242 Gualtherum,
