2810 4882
756 381 778 450 lt

218 587 380 656 collectos
407 586 472 656 sub
500 584 602 655 fiuent
631 587 712 655 anni
737 584 977 678 praecedentis
1007 586 1040 653 in
1068 584 1322 655 dissertationis

217 716 362 782 formam
398 711 534 802 redegi3
574 713 636 784 sed
673 714 762 782 male
802 711 883 781 mibi
922 711 1067 792 accidit,
1105 724 1142 783 ut
1180 713 1240 803 qui
1272 723 1323 782 tot

216 843 388 912 volumina
426 841 471 911 de
511 839 575 911 bac
611 863 648 910 re
684 841 894 910 evolvissem
922 862 962 909 ea
991 861 1082 930 quae
1117 842 1320 933 nuperrime

218 967 354 1038 dehac
382 991 419 1038 re
440 967 611 1061 disputata
640 969 774 1038 fuerant
797 989 815 1036 a
844 967 1114 1047 Giesebrechtio,
1144 967 1226 1037 milti
1253 991 1322 1038 non

219 1096 320 1186 prius
359 1094 635 1173 innotescerent,
664 1114 767 1183 quam
796 1093 1085 1186 conscriptionem
1113 1113 1226 1162 meam
1253 1116 1322 1163 non

218 1221 328 1289 solum
357 1218 588 1288 absolvissem
618 1219 722 1288 immo
745 1219 814 1306 jam
838 1217 950 1311 Ampl.
966 1217 1047 1287 Phil.
1076 1218 1216 1290 Ordinis
1242 1241 1323 1289 cen·

218 1367 320 1416 surae
348 1345 590 1416 subiecissem.
652 1347 719 1416 Sed
747 1347 803 1415 vel
832 1347 882 1417 sie
910 1348 1068 1438 plausum
1096 1347 1170 1416 tulit
1195 1345 1323 1416 disser-

218 1477 299 1549 tatio
318 1495 404 1554 mea,
426 1496 504 1543 cum
523 1495 566 1542 eo
585 1483 698 1543 tamen
714 1482 750 1542 ut
767 1484 950 1564 antequam
972 1475 1062 1567 typis
1080 1495 1156 1543 eam
1175 1474 1322 1565 imprimi

217 1622 398 1679 curarem,
432 1620 521 1690 quae
554 1599 751 1668 necessaria
791 1599 991 1672 viderentur
1025 1621 1105 1671 esse
1131 1621 1177 1669 ex
1203 1599 1322 1669 Giese·

217 1727 364 1799 brecbtii
392 1727 662 1805 commentario,
701 1726 745 1796 ad
773 1748 814 1794 ea
846 1727 1067 1819 respicerem.
1121 1728 1172 1795 Ne
1207 1736 1321 1796 tamen

217 1857 295 1947 quis
322 1865 415 1948 putet
441 1855 652 1946 exscriptum
681 1874 700 1921 a
727 1875 782 1922 me
810 1873 890 1924 esse
920 1853 1012 1921 illurn
1040 1853 1079 1924 V.
1107 1853 1146 1920 D.
1183 1851 1323 1922 duobus

218 1985 336 2054 verbis
376 1979 600 2073 significanda
639 1991 761 2060 erunt,
801 2001 891 2072 quae
926 1979 1055 2048 abillo
1090 1997 1179 2047 nova
1216 1975 1323 2046 didici

108 2127 110 2134 ’
218 2114 350 2199 [neque
385 2117 487 2186 sunt,
518 2108 666 2176 libenter
694 2109 823 2186 fateor,
858 2104 1011 2199 pauca),
1050 2113 1084 2174 et
1120 2124 1210 2194 quae
1246 2124 1321 2172 mea

214 2241 286 2328 jam
324 2237 450 2306 luerint
477 2245 660 2326 antequam
687 2234 965 2304 dissertationem
993 2230 1244 2302 Giesebreehtii
1271 2231 1322 2299 in-

217 2364 403 2458 spexerim.
457 2361 556 2444 Quod
589 2360 633 2430 ad
660 2361 765 2430 vitam
792 2357 986 2438 Grraltberi‚
1023 2357 1104 2427 nihil
1151 2359 1233 2427 novi
1278 2357 1323 2427 ad

217 2515 258 2563 ca
286 2511 376 2581 quae
404 2490 478 2582 ipse
505 2508 762 2578 congesseram,
791 2485 900 2555 attulit
923 2483 1005 2553 mihi
1031 2482 1322 2563 Giesebrecbtius,

219 2617 250 2688 id
273 2616 365 2706 (ruod
387 2614 507 2684 videre
527 2622 582 2683 est
603 2635 649 2682 ex
674 2613 781 2705 prima
810 2610 912 2682 huius
933 2611 1186 2682 dissertationis
1212 2619 1320 2702 parte,

218 2747 253 2815 in
279 2765 347 2835 qua
373 2743 650 2821 demonstratur,
689 2763 758 2811 non
783 2741 892 2810 fuisse
918 2739 1198 2832 Magalonensem
1222 2738 1323 2831 Epis·
1391 2769 1392 2814 f

217 2894 341 2965 copum
371 2881 517 2962 poetam.
595 2870 690 2938 Hanc-
727 2877 832 2938 totam
872 2868 1078 2961 implicatam
1112 2865 1323 2957 disquisitio·

217 3018 298 3066 nem
324 2994 369 3064 de
392 2994 578 3064 Gualthero
601 2994 838 3084 Magalonensi
862 2994 1034 3087 Episcopo
1062 2992 1178 3062 omisit
1203 2991 1323 3060 Giese·
1391 3075 1392 3094 χ

219 3121 406 3200 brechtius,
435 3120 555 3190 nescio
582 3140 625 3187 an
661 3129 766 3188 recte.
821 3121 855 3187 Si
881 3119 959 3210 quis
987 3119 1079 3187 enim
1111 3119 1200 3186 forte
1226 3116 1323 3186 dele·

218 3259 310 3319 ratur
357 3248 400 3318 ad
444 3247 673 3338 antiquiorem
718 3247 868 3336 aliquem
921 3245 1085 3316 historiae
1137 3244 1323 3314 litterariae
1391 3311 1392 3330 ,

219 3374 421 3465 scriptorem
459 3413 498 3426 -
526 3381 562 3441 ut
588 3373 804 3444 notissimum
828 3372 940 3442 dicam
968 3371 1178 3463 Leysernm,
1206 3371 1324 3442 missis

219 3502 409 3571 innumeris
436 3500 511 3569 aliis
530 3544 570 3552 -
588 3501 790 3593 plerumque
817 3509 973 3570 nostrum
1001 3496 1224 3569 Gualtherum
1244 3521 1322 3570 cum

218 3627 388 3720 Episcopo
415 3625 649 3715 Magalonensi
676 3625 858 3695 confusum
891 3624 1044 3708 videbit;
1095 3634 1129 3693 et
1165 3625 1210 3694 ita
1248 3626 1323 3716 qui-

219 3753 298 3823 dem
325 3752 417 3845 apud
449 3752 527 3822 illos
561 3752 690 3822 incerta
726 3761 779 3822 est
815 3753 891 3823 eius
916 3762 1031 3831 aeus,
1073 3761 1109 3822 ut
1143 3751 1214 3822 tun
1249 3754 1322 3823 lere

219 3902 386 3950 annorum
414 3880 523 3973 spatio
549 3879 593 3949 de
621 3900 661 3949 ea
688 3880 862 3950 dissensio
886 3880 939 3950 sit.
993 3882 1029 3950 ln
1054 3901 1158 3973 quam
1181 3901 1323 3975 pravam

220 4010 417 4102 opinionem
445 4031 489 4078 ne
516 4009 593 4099 quis
621 4009 744 4079 iterum
771 4007 924 4079 incidere
947 4008 1073 4101 possit,
1105 4009 1161 4078 cni
1186 4007 1230 4077 ad
1253 4029 1323 4076 ma·

222 4157 285 4205 nus
313 4157 381 4204 non
409 4143 488 4204 sunt
514 4133 592 4202 libri
619 4132 663 4204 ad
695 4133 783 4204 banc
808 4155 882 4204 rem
909 4134 1175 4206 discernendam
1201 4155 1323 4206 neees-
